

@ARTICLE{1907AN....175..325B,
       author = {{Bla{\v{z}}ko}, S.},
        title = "{Mitteilung {\"u}ber ver{\"a}nderliche Sterne}",
      journal = {Astronomische Nachrichten},
         year = 1907,
        month = aug,
       volume = {175},
        pages = {325},
          doi = {10.1002/asna.19071752002},
       adsurl = {https://ui.adsabs.harvard.edu/abs/1907AN....175..325B},
      adsnote = {Provided by the SAO/NASA Astrophysics Data System}
}


@ARTICLE{IVLZ2005,
   author = {{Ivezi{\'c}}, {\v Z}. and {Vivas}, A.~K. and {Lupton}, R.~H. and
	{Zinn}, R.},
    title = "{The Selection of RR Lyrae Stars Using Single-Epoch Data}",
  journal = {\aj},
 keywords = {Galaxy: Halo, Galaxy: Stellar Content, Galaxy: Structure, Stars: Variables: Other},
     year = 2005,
    month = feb,
   volume = 129,
    pages = {1096-1108},
      doi = {10.1086/427392},
   adsurl = {http://adsabs.harvard.edu/abs/2005AJ....129.1096I},
  adsnote = {Provided by the SAO/NASA Astrophysics Data System}
}


@ARTICLE{2022ApJS..258....4H,
       author = {{Hernitschek}, Nina and {Stassun}, Keivan G.},
        title = "{The Impact of Observing Strategy on the Reliable Classification of Standard Candle Stars: Detection of Amplitude, Period, and Phase Modulation (Blazhko Effect) of RR Lyrae Stars with LSST}",
      journal = {\apjs},
     keywords = {1464, Astrophysics - Solar and Stellar Astrophysics, Astrophysics - Astrophysics of Galaxies, Astrophysics - Instrumentation and Methods for Astrophysics},
         year = 2022,
        month = jan,
       volume = {258},
       number = {1},
          eid = {4},
        pages = {4},
          doi = {10.3847/1538-4365/ac3baf},
archivePrefix = {arXiv},
       eprint = {2109.13212},
 primaryClass = {astro-ph.SR},
       adsurl = {https://ui.adsabs.harvard.edu/abs/2022ApJS..258....4H},
      adsnote = {Provided by the SAO/NASA Astrophysics Data System}
}

@ARTICLE{2010ApJ...708..717S,
       author = {{Sesar}, Branimir and {Ivezi{\'c}}, {\v{Z}}eljko and {Grammer}, Skyler H. and {Morgan}, Dylan P. and {Becker}, Andrew C. and {Juri{\'c}}, Mario and {De Lee}, Nathan and {Annis}, James and {Beers}, Timothy C. and {Fan}, Xiaohui and {Lupton}, Robert H. and {Gunn}, James E. and {Knapp}, Gillian R. and {Jiang}, Linhua and {Jester}, Sebastian and {Johnston}, David E. and {Lampeitl}, Hubert},
        title = "{Light Curve Templates and Galactic Distribution of RR Lyrae Stars from Sloan Digital Sky Survey Stripe 82}",
      journal = {\apj},
     keywords = {Galaxy: halo, Galaxy: stellar content, Galaxy: structure, methods: data analysis, stars: horizontal-branch, stars: statistics, stars: variables: other, Astrophysics - Astrophysics of Galaxies},
         year = 2010,
        month = jan,
       volume = {708},
       number = {1},
        pages = {717-741},
          doi = {10.1088/0004-637X/708/1/717},
archivePrefix = {arXiv},
       eprint = {0910.4611},
 primaryClass = {astro-ph.GA},
       adsurl = {https://ui.adsabs.harvard.edu/abs/2010ApJ...708..717S},
      adsnote = {Provided by the SAO/NASA Astrophysics Data System}
}



@ARTICLE{2009Ap&SS.320..261C,
       author = {{Catelan}, M.},
        title = "{Horizontal branch stars: the interplay between observations and theory, and insights into the formation of the Galaxy}",
      journal = {\apss},
     keywords = {Galaxies: Local Group, Galaxy: formation, Galaxy: globular cluster: general, Stars: evolution, Stars: Hertzsprung-Russell diagram, Stars: horizontal-branch, Stars: variables: other, Astrophysics},
         year = 2009,
        month = apr,
       volume = {320},
        pages = {261-309},
          doi = {10.1007/s10509-009-9987-8},
archivePrefix = {arXiv},
       eprint = {astro-ph/0507464},
 primaryClass = {astro-ph},
       adsurl = {https://ui.adsabs.harvard.edu/abs/2009Ap&SS.320..261C},
      adsnote = {Provided by the SAO/NASA Astrophysics Data System}
}

@ARTICLE{1995CAS....27.....S,
       author = {{Smith}, H.~A.},
        title = "{RR Lyrae stars.}",
      journal = {Cambridge Astrophysics Series},
     keywords = {RR Lyrae Stars, RR Lyrae Stars: Globular Clusters, RR Lyrae Stars: Galaxies},
         year = 1995,
        month = jan,
       volume = {27},
       adsurl = {https://ui.adsabs.harvard.edu/abs/1995CAS....27.....S},
      adsnote = {Provided by the SAO/NASA Astrophysics Data System}
}


@INPROCEEDINGS{2009AIPC.1170..261K,
       author = {{Kov{\'a}cs}, G.},
        title = "{The Blazhko Effect}",
     keywords = {97.30.-b, 95.30.Lz, 97.10.Ri, Variable and peculiar stars, Hydrodynamics, Luminosities, magnitudes, effective temperatures colors and spectral classification, Astrophysics - Solar and Stellar Astrophysics},
    booktitle = {Stellar Pulsation: Challenges for Theory and Observation},
         year = 2009,
       editor = {{Guzik}, Joyce Ann and {Bradley}, Paul A.},
       series = {American Institute of Physics Conference Series},
       volume = {1170},
        month = sep,
        pages = {261-272},
          doi = {10.1063/1.3246458},
archivePrefix = {arXiv},
       eprint = {0908.4536},
 primaryClass = {astro-ph.SR},
       adsurl = {https://ui.adsabs.harvard.edu/abs/2009AIPC.1170..261K},
      adsnote = {Provided by the SAO/NASA Astrophysics Data System}
}


@ARTICLE{2016CoKon.105...61K,
       author = {{Kovacs}, G.},
        title = "{The Blazhko phenomenon}",
      journal = {Commmunications of the Konkoly Observatory Hungary},
     keywords = {Astrophysics - Solar and Stellar Astrophysics},
         year = 2016,
        month = may,
       volume = {105},
        pages = {61-68},
          doi = {10.48550/arXiv.1512.05722},
archivePrefix = {arXiv},
       eprint = {1512.05722},
 primaryClass = {astro-ph.SR},
       adsurl = {https://ui.adsabs.harvard.edu/abs/2016CoKon.105...61K},
      adsnote = {Provided by the SAO/NASA Astrophysics Data System}
}

@ARTICLE{2007MNRAS.377.1263S,
       author = {{Szczygie{\l}}, D.~M. and {Fabrycky}, D.~C.},
        title = "{Multiperiodic Galactic field RR Lyrae stars in the ASAS catalogue}",
      journal = {\mnras},
     keywords = {methods: statistical, stars: horizontal branch, stars: individual: SU Col, stars: oscillations, stars: variables: other, Astrophysics},
         year = 2007,
        month = may,
       volume = {377},
       number = {3},
        pages = {1263-1274},
          doi = {10.1111/j.1365-2966.2007.11678.x},
archivePrefix = {arXiv},
       eprint = {astro-ph/0701068},
 primaryClass = {astro-ph},
       adsurl = {https://ui.adsabs.harvard.edu/abs/2007MNRAS.377.1263S},
      adsnote = {Provided by the SAO/NASA Astrophysics Data System}
}

@ARTICLE{2003ApJ...598..597A,
       author = {{Alcock}, C. and {Alves}, D.~R. and {Becker}, A. and {Bennett}, D. and {Cook}, K.~H. and {Drake}, A. and {Freeman}, K. and {Geha}, M. and {Griest}, K. and {Kov{\'a}cs}, G. and {Lehner}, M. and {Marshall}, S. and {Minniti}, D. and {Nelson}, C. and {Peterson}, B. and {Popowski}, P. and {Pratt}, M. and {Quinn}, P. and {Rodgers}, A. and {Stubbs}, C. and {Sutherland}, W. and {Vandehei}, T. and {Welch}, D.~L.},
        title = "{The MACHO Project Large Magellanic Cloud Variable Star Inventory. XI. Frequency Analysis of the Fundamental-Mode RR Lyrae Stars}",
      journal = {\apj},
     keywords = {Galaxy: Globular Clusters: General, Stars: Horizontal-Branch, Stars: Oscillations, Stars: Variables: Other: (RR Lyrae), Astrophysics},
         year = 2003,
        month = nov,
       volume = {598},
       number = {1},
        pages = {597-609},
          doi = {10.1086/378689},
archivePrefix = {arXiv},
       eprint = {astro-ph/0308019},
 primaryClass = {astro-ph},
       adsurl = {https://ui.adsabs.harvard.edu/abs/2003ApJ...598..597A},
      adsnote = {Provided by the SAO/NASA Astrophysics Data System}
}


@ARTICLE{2014A&A...570A.100S,
       author = {{Szab{\'o}}, R. and {Benk{\H{o}}}, J.~M. and {Papar{\'o}}, M. and {Chapellier}, E. and {Poretti}, E. and {Baglin}, A. and {Weiss}, W.~W. and {Kolenberg}, K. and {Guggenberger}, E. and {Le Borgne}, J. -F.},
        title = "{Revisiting CoRoT RR Lyrae stars: detection of period doubling and temporal variation of additional frequencies}",
      journal = {\aap},
     keywords = {stars: variables: RR Lyrae, stars: oscillations, stars: interiors, techniques: photometric, Astrophysics - Solar and Stellar Astrophysics},
         year = 2014,
        month = oct,
       volume = {570},
          eid = {A100},
        pages = {A100},
          doi = {10.1051/0004-6361/201424522},
archivePrefix = {arXiv},
       eprint = {1408.0653},
 primaryClass = {astro-ph.SR},
       adsurl = {https://ui.adsabs.harvard.edu/abs/2014A&A...570A.100S},
      adsnote = {Provided by the SAO/NASA Astrophysics Data System}
}


@ARTICLE{2009AcA....59....1S,
       author = {{Soszy{\'n}ski}, I. and {Udalski}, A. and {Szyma{\'n}ski}, M.~K. and {Kubiak}, M. and {Pietrzy{\'n}ski}, G. and {Wyrzykowski}, {\L}. and {Szewczyk}, O. and {Ulaczyk}, K. and {Poleski}, R.},
        title = "{The Optical Gravitational Lensing Experiment. The OGLE-III Catalog of Variable Stars. III. RR Lyrae Stars in the Large Magellanic Cloud}",
      journal = {\actaa},
     keywords = {RR Lyrae, Stars: oscillations, Stars: Population II, Magellanic Clouds, Astrophysics - Solar and Stellar Astrophysics},
         year = 2009,
        month = mar,
       volume = {59},
       number = {1},
        pages = {1-18},
          doi = {10.48550/arXiv.0903.2482},
archivePrefix = {arXiv},
       eprint = {0903.2482},
 primaryClass = {astro-ph.SR},
       adsurl = {https://ui.adsabs.harvard.edu/abs/2009AcA....59....1S},
      adsnote = {Provided by the SAO/NASA Astrophysics Data System}
}

@ARTICLE{2011AcA....61....1S,
       author = {{Soszy{\'n}ski}, I. and {Dziembowski}, W.~A. and {Udalski}, A. and {Poleski}, R. and {Szyma{\'n}ski}, M.~K. and {Kubiak}, M. and {Pietrzy{\'n}ski}, G. and {Wyrzykowski}, {\L}. and {Ulaczyk}, K. and {Koz{\l}owski}, S. and {Pietrukowicz}, P.},
        title = "{The Optical Gravitational Lensing Experiment. The OGLE-III Catalog of Variable Stars. XI. RR Lyrae Stars in the Galactic Bulge}",
      journal = {\actaa},
     keywords = {Stars: variables: RR Lyrae, Stars: oscillations (including pulsations), Stars: Population II, Galaxy: center, Galaxies: individual: Sagittarius Dwarf Spheroidal Galaxy, Astrophysics - Solar and Stellar Astrophysics},
         year = 2011,
        month = mar,
       volume = {61},
       number = {1},
        pages = {1-23},
          doi = {10.48550/arXiv.1105.6126},
archivePrefix = {arXiv},
       eprint = {1105.6126},
 primaryClass = {astro-ph.SR},
       adsurl = {https://ui.adsabs.harvard.edu/abs/2011AcA....61....1S},
      adsnote = {Provided by the SAO/NASA Astrophysics Data System}
}


@ARTICLE{2003AcA....53..307M,
       author = {{Mizerski}, T.},
        title = "{Multiperiodic RR Lyr Stars in the Center of the Galaxy}",
      journal = {\actaa},
     keywords = {Stars: variables: RR Lyr, Stars: oscillations, Galaxy: bulge, Astrophysics},
         year = 2003,
        month = dec,
       volume = {53},
        pages = {307-320},
          doi = {10.48550/arXiv.astro-ph/0401612},
archivePrefix = {arXiv},
       eprint = {astro-ph/0401612},
 primaryClass = {astro-ph},
       adsurl = {https://ui.adsabs.harvard.edu/abs/2003AcA....53..307M},
      adsnote = {Provided by the SAO/NASA Astrophysics Data System}
}

@ARTICLE{2010AcA....60..165S,
       author = {{Soszy{\'n}ski}, I. and {Udalski}, A. and {Szyma{\'n}ski}, M.~K. and {Kubiak}, J. and {Pietrzy{\'n}ski}, G. and {Wyrzykowski}, {\L}. and {Ulaczyk}, K. and {Poleski}, R.},
        title = "{The Optical Gravitational Lensing Experiment. The OGLE-III Catalog of Variable Stars. IX. RR Lyr Stars in the Small Magellanic Cloud}",
      journal = {\actaa},
     keywords = {Stars: variables: RR Lyrae, Stars: oscillations, Stars: Population II, Magellanic Clouds, Astrophysics - Solar and Stellar Astrophysics},
         year = 2010,
        month = sep,
       volume = {60},
       number = {3},
        pages = {165-178},
          doi = {10.48550/arXiv.1009.0528},
archivePrefix = {arXiv},
       eprint = {1009.0528},
 primaryClass = {astro-ph.SR},
       adsurl = {https://ui.adsabs.harvard.edu/abs/2010AcA....60..165S},
      adsnote = {Provided by the SAO/NASA Astrophysics Data System}
}


@ARTICLE{2019ApJ...873..111I,
       author = {{Ivezi{\'c}}, {\v{Z}}eljko and {Kahn}, Steven M. and {Tyson}, J. Anthony and {Abel}, Bob and {Acosta}, Emily and {Allsman}, Robyn and {Alonso}, David and {AlSayyad}, Yusra and {Anderson}, Scott F. and {Andrew}, John and {Angel}, James Roger P. and {Angeli}, George Z. and {Ansari}, Reza and {Antilogus}, Pierre and {Araujo}, Constanza and {Armstrong}, Robert and {Arndt}, Kirk T. and {Astier}, Pierre and {Aubourg}, {\'E}ric and {Auza}, Nicole and {Axelrod}, Tim S. and {Bard}, Deborah J. and {Barr}, Jeff D. and {Barrau}, Aurelian and {Bartlett}, James G. and {Bauer}, Amanda E. and {Bauman}, Brian J. and {Baumont}, Sylvain and {Bechtol}, Ellen and {Bechtol}, Keith and {Becker}, Andrew C. and {Becla}, Jacek and {Beldica}, Cristina and {Bellavia}, Steve and {Bianco}, Federica B. and {Biswas}, Rahul and {Blanc}, Guillaume and {Blazek}, Jonathan and {Blandford}, Roger D. and {Bloom}, Josh S. and {Bogart}, Joanne and {Bond}, Tim W. and {Booth}, Michael T. and {Borgland}, Anders W. and {Borne}, Kirk and {Bosch}, James F. and {Boutigny}, Dominique and {Brackett}, Craig A. and {Bradshaw}, Andrew and {Brandt}, William Nielsen and {Brown}, Michael E. and {Bullock}, James S. and {Burchat}, Patricia and {Burke}, David L. and {Cagnoli}, Gianpietro and {Calabrese}, Daniel and {Callahan}, Shawn and {Callen}, Alice L. and {Carlin}, Jeffrey L. and {Carlson}, Erin L. and {Chandrasekharan}, Srinivasan and {Charles-Emerson}, Glenaver and {Chesley}, Steve and {Cheu}, Elliott C. and {Chiang}, Hsin-Fang and {Chiang}, James and {Chirino}, Carol and {Chow}, Derek and {Ciardi}, David R. and {Claver}, Charles F. and {Cohen-Tanugi}, Johann and {Cockrum}, Joseph J. and {Coles}, Rebecca and {Connolly}, Andrew J. and {Cook}, Kem H. and {Cooray}, Asantha and {Covey}, Kevin R. and {Cribbs}, Chris and {Cui}, Wei and {Cutri}, Roc and {Daly}, Philip N. and {Daniel}, Scott F. and {Daruich}, Felipe and {Daubard}, Guillaume and {Daues}, Greg and {Dawson}, William and {Delgado}, Francisco and {Dellapenna}, Alfred and {de Peyster}, Robert and {de Val-Borro}, Miguel and {Digel}, Seth W. and {Doherty}, Peter and {Dubois}, Richard and {Dubois-Felsmann}, Gregory P. and {Durech}, Josef and {Economou}, Frossie and {Eifler}, Tim and {Eracleous}, Michael and {Emmons}, Benjamin L. and {Fausti Neto}, Angelo and {Ferguson}, Henry and {Figueroa}, Enrique and {Fisher-Levine}, Merlin and {Focke}, Warren and {Foss}, Michael D. and {Frank}, James and {Freemon}, Michael D. and {Gangler}, Emmanuel and {Gawiser}, Eric and {Geary}, John C. and {Gee}, Perry and {Geha}, Marla and {Gessner}, Charles J.~B. and {Gibson}, Robert R. and {Gilmore}, D. Kirk and {Glanzman}, Thomas and {Glick}, William and {Goldina}, Tatiana and {Goldstein}, Daniel A. and {Goodenow}, Iain and {Graham}, Melissa L. and {Gressler}, William J. and {Gris}, Philippe and {Guy}, Leanne P. and {Guyonnet}, Augustin and {Haller}, Gunther and {Harris}, Ron and {Hascall}, Patrick A. and {Haupt}, Justine and {Hernandez}, Fabio and {Herrmann}, Sven and {Hileman}, Edward and {Hoblitt}, Joshua and {Hodgson}, John A. and {Hogan}, Craig and {Howard}, James D. and {Huang}, Dajun and {Huffer}, Michael E. and {Ingraham}, Patrick and {Innes}, Walter R. and {Jacoby}, Suzanne H. and {Jain}, Bhuvnesh and {Jammes}, Fabrice and {Jee}, M. James and {Jenness}, Tim and {Jernigan}, Garrett and {Jevremovi{\'c}}, Darko and {Johns}, Kenneth and {Johnson}, Anthony S. and {Johnson}, Margaret W.~G. and {Jones}, R. Lynne and {Juramy-Gilles}, Claire and {Juri{\'c}}, Mario and {Kalirai}, Jason S. and {Kallivayalil}, Nitya J. and {Kalmbach}, Bryce and {Kantor}, Jeffrey P. and {Karst}, Pierre and {Kasliwal}, Mansi M. and {Kelly}, Heather and {Kessler}, Richard and {Kinnison}, Veronica and {Kirkby}, David and {Knox}, Lloyd and {Kotov}, Ivan V. and {Krabbendam}, Victor L. and {Krughoff}, K. Simon and {Kub{\'a}nek}, Petr and {Kuczewski}, John and {Kulkarni}, Shri and {Ku}, John and {Kurita}, Nadine R. and {Lage}, Craig S. and {Lambert}, Ron and {Lange}, Travis and {Langton}, J. Brian and {Le Guillou}, Laurent and {Levine}, Deborah and {Liang}, Ming and {Lim}, Kian-Tat and {Lintott}, Chris J. and {Long}, Kevin E. and {Lopez}, Margaux and {Lotz}, Paul J. and {Lupton}, Robert H. and {Lust}, Nate B. and {MacArthur}, Lauren A. and {Mahabal}, Ashish and {Mandelbaum}, Rachel and {Markiewicz}, Thomas W. and {Marsh}, Darren S. and {Marshall}, Philip J. and {Marshall}, Stuart and {May}, Morgan and {McKercher}, Robert and {McQueen}, Michelle and {Meyers}, Joshua and {Migliore}, Myriam and {Miller}, Michelle and {Mills}, David J. and {Miraval}, Connor and {Moeyens}, Joachim and {Moolekamp}, Fred E. and {Monet}, David G. and {Moniez}, Marc and {Monkewitz}, Serge and {Montgomery}, Christopher and {Morrison}, Christopher B. and {Mueller}, Fritz and {Muller}, Gary P. and {Mu{\~n}oz Arancibia}, Freddy and {Neill}, Douglas R. and {Newbry}, Scott P. and {Nief}, Jean-Yves and {Nomerotski}, Andrei and {Nordby}, Martin and {O'Connor}, Paul and {Oliver}, John and {Olivier}, Scot S. and {Olsen}, Knut and {O'Mullane}, William and {Ortiz}, Sandra and {Osier}, Shawn and {Owen}, Russell E. and {Pain}, Reynald and {Palecek}, Paul E. and {Parejko}, John K. and {Parsons}, James B. and {Pease}, Nathan M. and {Peterson}, J. Matt and {Peterson}, John R. and {Petravick}, Donald L. and {Libby Petrick}, M.~E. and {Petry}, Cathy E. and {Pierfederici}, Francesco and {Pietrowicz}, Stephen and {Pike}, Rob and {Pinto}, Philip A. and {Plante}, Raymond and {Plate}, Stephen and {Plutchak}, Joel P. and {Price}, Paul A. and {Prouza}, Michael and {Radeka}, Veljko and {Rajagopal}, Jayadev and {Rasmussen}, Andrew P. and {Regnault}, Nicolas and {Reil}, Kevin A. and {Reiss}, David J. and {Reuter}, Michael A. and {Ridgway}, Stephen T. and {Riot}, Vincent J. and {Ritz}, Steve and {Robinson}, Sean and {Roby}, William and {Roodman}, Aaron and {Rosing}, Wayne and {Roucelle}, Cecille and {Rumore}, Matthew R. and {Russo}, Stefano and {Saha}, Abhijit and {Sassolas}, Benoit and {Schalk}, Terry L. and {Schellart}, Pim and {Schindler}, Rafe H. and {Schmidt}, Samuel and {Schneider}, Donald P. and {Schneider}, Michael D. and {Schoening}, William and {Schumacher}, German and {Schwamb}, Megan E. and {Sebag}, Jacques and {Selvy}, Brian and {Sembroski}, Glenn H. and {Seppala}, Lynn G. and {Serio}, Andrew and {Serrano}, Eduardo and {Shaw}, Richard A. and {Shipsey}, Ian and {Sick}, Jonathan and {Silvestri}, Nicole and {Slater}, Colin T. and {Smith}, J. Allyn and {Smith}, R. Chris and {Sobhani}, Shahram and {Soldahl}, Christine and {Storrie-Lombardi}, Lisa and {Stover}, Edward and {Strauss}, Michael A. and {Street}, Rachel A. and {Stubbs}, Christopher W. and {Sullivan}, Ian S. and {Sweeney}, Donald and {Swinbank}, John D. and {Szalay}, Alexander and {Takacs}, Peter and {Tether}, Stephen A. and {Thaler}, Jon J. and {Thayer}, John Gregg and {Thomas}, Sandrine and {Thornton}, Adam J. and {Thukral}, Vaikunth and {Tice}, Jeffrey and {Trilling}, David E. and {Turri}, Max and {Van Berg}, Richard and {Vanden Berk}, Daniel and {Vetter}, Kurt and {Virieux}, Francoise and {Vucina}, Tomislav and {Wahl}, William and {Walkowicz}, Lucianne and {Walsh}, Brian and {Walter}, Christopher W. and {Wang}, Daniel L. and {Wang}, Shin-Yawn and {Warner}, Michael and {Wiecha}, Oliver and {Willman}, Beth and {Winters}, Scott E. and {Wittman}, David and {Wolff}, Sidney C. and {Wood-Vasey}, W. Michael and {Wu}, Xiuqin and {Xin}, Bo and {Yoachim}, Peter and {Zhan}, Hu},
        title = "{LSST: From Science Drivers to Reference Design and Anticipated Data Products}",
      journal = {\apj},
     keywords = {astrometry, cosmology: observations, Galaxy: general, methods: observational, stars: general, surveys, Astrophysics},
         year = 2019,
        month = mar,
       volume = {873},
       number = {2},
          eid = {111},
        pages = {111},
          doi = {10.3847/1538-4357/ab042c},
archivePrefix = {arXiv},
       eprint = {0805.2366},
 primaryClass = {astro-ph},
       adsurl = {https://ui.adsabs.harvard.edu/abs/2019ApJ...873..111I},
      adsnote = {Provided by the SAO/NASA Astrophysics Data System}
}




@ARTICLE{2013AJ....146..101P,
       author = {{Palaversa}, Lovro and {Ivezi{\'c}}, {\v{Z}}eljko and {Eyer}, Laurent and {Ru{\v{z}}djak}, Domagoj and {Sudar}, Davor and {Galin}, Mario and {Kroflin}, Andrea and {Mesari{\'c}}, Martina and {Munk}, Petra and {Vrbanec}, Dijana and {Bo{\v{z}}i{\'c}}, Hrvoje and {Loebman}, Sarah and {Sesar}, Branimir and {Rimoldini}, Lorenzo and {Hunt-Walker}, Nicholas and {VanderPlas}, Jacob and {Westman}, David and {Stuart}, J. Scott and {Becker}, Andrew C. and {Srdo{\v{c}}}, Gregor and {Wozniak}, Przemyslaw and {Oluseyi}, Hakeem},
        title = "{Exploring the Variable Sky with LINEAR. III. Classification of Periodic Light Curves}",
      journal = {\aj},
     keywords = {binaries: eclipsing, blue stragglers, catalogs, Galaxy: halo, stars: statistics, stars: variables: general, Astrophysics - Astrophysics of Galaxies, Astrophysics - Solar and Stellar Astrophysics},
         year = 2013,
        month = oct,
       volume = {146},
       number = {4},
          eid = {101},
        pages = {101},
          doi = {10.1088/0004-6256/146/4/101},
archivePrefix = {arXiv},
       eprint = {1308.0357},
 primaryClass = {astro-ph.GA},
       adsurl = {https://ui.adsabs.harvard.edu/abs/2013AJ....146..101P},
      adsnote = {Provided by the SAO/NASA Astrophysics Data System}
}




@ARTICLE{2013AJ....146...21S,
       author = {{Sesar}, Branimir and {Ivezi{\'c}}, {\v{Z}}eljko and {Stuart}, J. Scott and {Morgan}, Dylan M. and {Becker}, Andrew C. and {Sharma}, Sanjib and {Palaversa}, Lovro and {Juri{\'c}}, Mario and {Wozniak}, Przemyslaw and {Oluseyi}, Hakeem},
        title = "{Exploring the Variable Sky with LINEAR. II. Halo Structure and Substructure Traced by RR Lyrae Stars to 30 kpc}",
      journal = {\aj},
     keywords = {Galaxy: halo, Galaxy: stellar content, Galaxy: structure, stars: variables: RR Lyrae, Astrophysics - Astrophysics of Galaxies, Astrophysics - Solar and Stellar Astrophysics},
         year = 2013,
        month = aug,
       volume = {146},
       number = {2},
          eid = {21},
        pages = {21},
          doi = {10.1088/0004-6256/146/2/21},
archivePrefix = {arXiv},
       eprint = {1305.2160},
 primaryClass = {astro-ph.GA},
       adsurl = {https://ui.adsabs.harvard.edu/abs/2013AJ....146...21S},
      adsnote = {Provided by the SAO/NASA Astrophysics Data System}
}


@ARTICLE{2011AJ....142..190S,
       author = {{Sesar}, Branimir and {Stuart}, J. Scott and {Ivezi{\'c}}, {\v{Z}}eljko and {Morgan}, Dylan P. and {Becker}, Andrew C. and {Wo{\'z}niak}, Przemys{\l}aw},
        title = "{Exploring the Variable Sky with LINEAR. I. Photometric Recalibration with the Sloan Digital Sky Survey}",
      journal = {\aj},
     keywords = {binaries: eclipsing, catalogs, stars: variables: general, stars: variables: RR Lyrae, surveys, Astrophysics - Astrophysics of Galaxies, Astrophysics - Solar and Stellar Astrophysics},
         year = 2011,
        month = dec,
       volume = {142},
       number = {6},
          eid = {190},
        pages = {190},
          doi = {10.1088/0004-6256/142/6/190},
archivePrefix = {arXiv},
       eprint = {1109.5227},
 primaryClass = {astro-ph.GA},
       adsurl = {https://ui.adsabs.harvard.edu/abs/2011AJ....142..190S},
      adsnote = {Provided by the SAO/NASA Astrophysics Data System}
}


@ARTICLE{2019PASP..131a8002B,
       author = {{Bellm}, Eric C. and {Kulkarni}, Shrinivas R. and {Graham}, Matthew J. and {Dekany}, Richard and {Smith}, Roger M. and {Riddle}, Reed and {Masci}, Frank J. and {Helou}, George and {Prince}, Thomas A. and {Adams}, Scott M. and {Barbarino}, C. and {Barlow}, Tom and {Bauer}, James and {Beck}, Ron and {Belicki}, Justin and {Biswas}, Rahul and {Blagorodnova}, Nadejda and {Bodewits}, Dennis and {Bolin}, Bryce and {Brinnel}, Valery and {Brooke}, Tim and {Bue}, Brian and {Bulla}, Mattia and {Burruss}, Rick and {Cenko}, S. Bradley and {Chang}, Chan-Kao and {Connolly}, Andrew and {Coughlin}, Michael and {Cromer}, John and {Cunningham}, Virginia and {De}, Kishalay and {Delacroix}, Alex and {Desai}, Vandana and {Duev}, Dmitry A. and {Eadie}, Gwendolyn and {Farnham}, Tony L. and {Feeney}, Michael and {Feindt}, Ulrich and {Flynn}, David and {Franckowiak}, Anna and {Frederick}, S. and {Fremling}, C. and {Gal-Yam}, Avishay and {Gezari}, Suvi and {Giomi}, Matteo and {Goldstein}, Daniel A. and {Golkhou}, V. Zach and {Goobar}, Ariel and {Groom}, Steven and {Hacopians}, Eugean and {Hale}, David and {Henning}, John and {Ho}, Anna Y.~Q. and {Hover}, David and {Howell}, Justin and {Hung}, Tiara and {Huppenkothen}, Daniela and {Imel}, David and {Ip}, Wing-Huen and {Ivezi{\'c}}, {\v{Z}}eljko and {Jackson}, Edward and {Jones}, Lynne and {Juric}, Mario and {Kasliwal}, Mansi M. and {Kaspi}, S. and {Kaye}, Stephen and {Kelley}, Michael S.~P. and {Kowalski}, Marek and {Kramer}, Emily and {Kupfer}, Thomas and {Landry}, Walter and {Laher}, Russ R. and {Lee}, Chien-De and {Lin}, Hsing Wen and {Lin}, Zhong-Yi and {Lunnan}, Ragnhild and {Giomi}, Matteo and {Mahabal}, Ashish and {Mao}, Peter and {Miller}, Adam A. and {Monkewitz}, Serge and {Murphy}, Patrick and {Ngeow}, Chow-Choong and {Nordin}, Jakob and {Nugent}, Peter and {Ofek}, Eran and {Patterson}, Maria T. and {Penprase}, Bryan and {Porter}, Michael and {Rauch}, Ludwig and {Rebbapragada}, Umaa and {Reiley}, Dan and {Rigault}, Mickael and {Rodriguez}, Hector and {van Roestel}, Jan and {Rusholme}, Ben and {van Santen}, Jakob and {Schulze}, S. and {Shupe}, David L. and {Singer}, Leo P. and {Soumagnac}, Maayane T. and {Stein}, Robert and {Surace}, Jason and {Sollerman}, Jesper and {Szkody}, Paula and {Taddia}, F. and {Terek}, Scott and {Van Sistine}, Angela and {van Velzen}, Sjoert and {Vestrand}, W. Thomas and {Walters}, Richard and {Ward}, Charlotte and {Ye}, Quan-Zhi and {Yu}, Po-Chieh and {Yan}, Lin and {Zolkower}, Jeffry},
        title = "{The Zwicky Transient Facility: System Overview, Performance, and First Results}",
      journal = {\pasp},
     keywords = {Astrophysics - Instrumentation and Methods for Astrophysics},
         year = 2019,
        month = jan,
       volume = {131},
       number = {995},
        pages = {018002},
          doi = {10.1088/1538-3873/aaecbe},
archivePrefix = {arXiv},
       eprint = {1902.01932},
 primaryClass = {astro-ph.IM},
       adsurl = {https://ui.adsabs.harvard.edu/abs/2019PASP..131a8002B},
      adsnote = {Provided by the SAO/NASA Astrophysics Data System}
}


@ARTICLE{2010MNRAS.409.1585B,
       author = {{Benk{\H{o}}}, J.~M. and {Kolenberg}, K. and {Szab{\'o}}, R. and {Kurtz}, D.~W. and {Bryson}, S. and {Bregman}, J. and {Still}, M. and {Smolec}, R. and {Nuspl}, J. and {Nemec}, J.~M. and {Moskalik}, P. and {Kopacki}, G. and {Koll{\'a}th}, Z. and {Guggenberger}, E. and {di Criscienzo}, M. and {Christensen-Dalsgaard}, J. and {Kjeldsen}, H. and {Borucki}, W.~J. and {Koch}, D. and {Jenkins}, J.~M. and {van Cleve}, J.~E.},
        title = "{Flavours of variability: 29 RR Lyrae stars observed with Kepler}",
      journal = {\mnras},
     keywords = {stars: oscillations, stars: variables: RR Lyrae, Astrophysics - Solar and Stellar Astrophysics},
         year = 2010,
        month = dec,
       volume = {409},
       number = {4},
        pages = {1585-1593},
          doi = {10.1111/j.1365-2966.2010.17401.x},
archivePrefix = {arXiv},
       eprint = {1007.3928},
 primaryClass = {astro-ph.SR},
       adsurl = {https://ui.adsabs.harvard.edu/abs/2010MNRAS.409.1585B},
      adsnote = {Provided by the SAO/NASA Astrophysics Data System}
}

@ARTICLE{2020MNRAS.494.1237S,
       author = {{Skarka}, M. and {Prudil}, Z. and {Jurcsik}, J.},
        title = "{Blazhko effect in the Galactic bulge fundamental mode RR Lyrae stars - II. Modulation shapes, amplitudes, and periods}",
      journal = {\mnras},
     keywords = {methods: data analysis, methods: statistical, techniques: photometric, stars: horizontal branch, stars: variables: RR Lyrae, Astrophysics - Solar and Stellar Astrophysics},
         year = 2020,
        month = may,
       volume = {494},
       number = {1},
        pages = {1237-1249},
          doi = {10.1093/mnras/staa673},
archivePrefix = {arXiv},
       eprint = {2001.00754},
 primaryClass = {astro-ph.SR},
       adsurl = {https://ui.adsabs.harvard.edu/abs/2020MNRAS.494.1237S},
      adsnote = {Provided by the SAO/NASA Astrophysics Data System}
}

@ARTICLE{2018A&A...614L...4K,
       author = {{Kovacs}, Geza},
        title = "{Are all RR Lyrae stars modulated?}",
      journal = {\aap},
     keywords = {methods: data analysis, stars: variables: RR Lyrae, Astrophysics - Solar and Stellar Astrophysics},
         year = 2018,
        month = jun,
       volume = {614},
          eid = {L4},
        pages = {L4},
          doi = {10.1051/0004-6361/201833181},
archivePrefix = {arXiv},
       eprint = {1804.07932},
 primaryClass = {astro-ph.SR},
       adsurl = {https://ui.adsabs.harvard.edu/abs/2018A&A...614L...4K},
      adsnote = {Provided by the SAO/NASA Astrophysics Data System}
}


@ARTICLE{2018AJ....156..123A,
       author = {{Astropy Collaboration} and {Price-Whelan}, A.~M. and {Sip{\H{o}}cz}, B.~M. and {G{\"u}nther}, H.~M. and {Lim}, P.~L. and {Crawford}, S.~M. and {Conseil}, S. and {Shupe}, D.~L. and {Craig}, M.~W. and {Dencheva}, N. and {Ginsburg}, A. and {VanderPlas}, J.~T. and {Bradley}, L.~D. and {P{\'e}rez-Su{\'a}rez}, D. and {de Val-Borro}, M. and {Aldcroft}, T.~L. and {Cruz}, K.~L. and {Robitaille}, T.~P. and {Tollerud}, E.~J. and {Ardelean}, C. and {Babej}, T. and {Bach}, Y.~P. and {Bachetti}, M. and {Bakanov}, A.~V. and {Bamford}, S.~P. and {Barentsen}, G. and {Barmby}, P. and {Baumbach}, A. and {Berry}, K.~L. and {Biscani}, F. and {Boquien}, M. and {Bostroem}, K.~A. and {Bouma}, L.~G. and {Brammer}, G.~B. and {Bray}, E.~M. and {Breytenbach}, H. and {Buddelmeijer}, H. and {Burke}, D.~J. and {Calderone}, G. and {Cano Rodr{\'\i}guez}, J.~L. and {Cara}, M. and {Cardoso}, J.~V.~M. and {Cheedella}, S. and {Copin}, Y. and {Corrales}, L. and {Crichton}, D. and {D'Avella}, D. and {Deil}, C. and {Depagne}, {\'E}. and {Dietrich}, J.~P. and {Donath}, A. and {Droettboom}, M. and {Earl}, N. and {Erben}, T. and {Fabbro}, S. and {Ferreira}, L.~A. and {Finethy}, T. and {Fox}, R.~T. and {Garrison}, L.~H. and {Gibbons}, S.~L.~J. and {Goldstein}, D.~A. and {Gommers}, R. and {Greco}, J.~P. and {Greenfield}, P. and {Groener}, A.~M. and {Grollier}, F. and {Hagen}, A. and {Hirst}, P. and {Homeier}, D. and {Horton}, A.~J. and {Hosseinzadeh}, G. and {Hu}, L. and {Hunkeler}, J.~S. and {Ivezi{\'c}}, {\v{Z}}. and {Jain}, A. and {Jenness}, T. and {Kanarek}, G. and {Kendrew}, S. and {Kern}, N.~S. and {Kerzendorf}, W.~E. and {Khvalko}, A. and {King}, J. and {Kirkby}, D. and {Kulkarni}, A.~M. and {Kumar}, A. and {Lee}, A. and {Lenz}, D. and {Littlefair}, S.~P. and {Ma}, Z. and {Macleod}, D.~M. and {Mastropietro}, M. and {McCully}, C. and {Montagnac}, S. and {Morris}, B.~M. and {Mueller}, M. and {Mumford}, S.~J. and {Muna}, D. and {Murphy}, N.~A. and {Nelson}, S. and {Nguyen}, G.~H. and {Ninan}, J.~P. and {N{\"o}the}, M. and {Ogaz}, S. and {Oh}, S. and {Parejko}, J.~K. and {Parley}, N. and {Pascual}, S. and {Patil}, R. and {Patil}, A.~A. and {Plunkett}, A.~L. and {Prochaska}, J.~X. and {Rastogi}, T. and {Reddy Janga}, V. and {Sabater}, J. and {Sakurikar}, P. and {Seifert}, M. and {Sherbert}, L.~E. and {Sherwood-Taylor}, H. and {Shih}, A.~Y. and {Sick}, J. and {Silbiger}, M.~T. and {Singanamalla}, S. and {Singer}, L.~P. and {Sladen}, P.~H. and {Sooley}, K.~A. and {Sornarajah}, S. and {Streicher}, O. and {Teuben}, P. and {Thomas}, S.~W. and {Tremblay}, G.~R. and {Turner}, J.~E.~H. and {Terr{\'o}n}, V. and {van Kerkwijk}, M.~H. and {de la Vega}, A. and {Watkins}, L.~L. and {Weaver}, B.~A. and {Whitmore}, J.~B. and {Woillez}, J. and {Zabalza}, V. and {Astropy Contributors}},
        title = "{The Astropy Project: Building an Open-science Project and Status of the v2.0 Core Package}",
      journal = {\aj},
     keywords = {methods: data analysis, methods: miscellaneous, methods: statistical, reference systems, Astrophysics - Instrumentation and Methods for Astrophysics},
         year = 2018,
        month = sep,
       volume = {156},
       number = {3},
          eid = {123},
        pages = {123},
          doi = {10.3847/1538-3881/aabc4f},
archivePrefix = {arXiv},
       eprint = {1801.02634},
 primaryClass = {astro-ph.IM},
       adsurl = {https://ui.adsabs.harvard.edu/abs/2018AJ....156..123A},
      adsnote = {Provided by the SAO/NASA Astrophysics Data System}
}


@INPROCEEDINGS{2012cidu.conf...47V,
       author = {{VanderPlas}, J. and {Connolly}, A.~J. and {Ivezic}, Z. and {Gray}, A.},
        title = "{Introduction to astroML: Machine learning for astrophysics}",
     keywords = {Astrophysics - Instrumentation and Methods for Astrophysics},
    booktitle = {Proceedings of Conference on Intelligent Data Understanding (CIDU},
         year = 2012,
        month = oct,
        pages = {47-54},
          doi = {10.1109/CIDU.2012.6382200},
archivePrefix = {arXiv},
       eprint = {1411.5039},
 primaryClass = {astro-ph.IM},
       adsurl = {https://ui.adsabs.harvard.edu/abs/2012cidu.conf...47V},
      adsnote = {Provided by the SAO/NASA Astrophysics Data System}
}


@software{2015zndo.....14833V,
       author = {{Vanderplas}, Jake},
        title = "{gatspy: General tools for Astronomical Time Series in Python}",
         year = 2015,
        month = feb,
          eid = {10.5281/zenodo.14833},
          doi = {10.5281/zenodo.14833},
      version = {v0.1.1},
    publisher = {Zenodo},
       adsurl = {https://ui.adsabs.harvard.edu/abs/2015zndo.....14833V},
      adsnote = {Provided by the SAO/NASA Astrophysics Data System}
}


@INPROCEEDINGS{2008JPhCS.118a2060K,
       author = {{Kolenberg}, K.},
        title = "{1907 2007: What's new on the Blazhko front?}",
    booktitle = {Journal of Physics Conference Series},
         year = 2008,
       series = {Journal of Physics Conference Series},
       volume = {118},
        month = oct,
    publisher = {IOP},
          eid = {012060},
        pages = {012060},
          doi = {10.1088/1742-6596/118/1/012060},
       adsurl = {https://ui.adsabs.harvard.edu/abs/2008JPhCS.118a2060K},
      adsnote = {Provided by the SAO/NASA Astrophysics Data System}
}


@ARTICLE{2009MNRAS.400.1006J,
       author = {{Jurcsik}, J. and {S{\'o}dor}, {\'A}. and {Szeidl}, B. and {Hurta}, Zs. and {V{\'a}radi}, M. and {Posztob{\'a}nyi}, K. and {Vida}, K. and {Hajdu}, G. and {K{\H{o}}v{\'a}ri}, Zs. and {Nagy}, I. and {Moln{\'a}r}, L. and {Belucz}, B.},
        title = "{The Konkoly Blazhko Survey: is light-curve modulation a common property of RRab stars?}",
      journal = {\mnras},
     keywords = {methods: data analysis, techniques: photometric, stars: horizontal branch, stars: oscillations, stars: variables: other, Astrophysics - Solar and Stellar Astrophysics},
         year = 2009,
        month = dec,
       volume = {400},
       number = {2},
        pages = {1006-1018},
          doi = {10.1111/j.1365-2966.2009.15515.x},
archivePrefix = {arXiv},
       eprint = {0908.1015},
 primaryClass = {astro-ph.SR},
       adsurl = {https://ui.adsabs.harvard.edu/abs/2009MNRAS.400.1006J},
      adsnote = {Provided by the SAO/NASA Astrophysics Data System}
}

@INPROCEEDINGS{2014IAUS..301..241S,
       author = {{Szab{\'o}}, R{\'o}bert},
        title = "{Blazhko effect in Cepheids and RR Lyrae stars}",
     keywords = {stars: variables: RR Lyrae, stars: variables: Cepheids, Blazhko effect, stars: individual: RR Lyr, V445 Lyr, V473 Lyr, {\ensuremath{\alpha}} UMi, pulsation, hydrodynamics, Kepler, Astrophysics - Solar and Stellar Astrophysics},
    booktitle = {Precision Asteroseismology},
         year = 2014,
       editor = {{Guzik}, Joyce A. and {Chaplin}, William J. and {Handler}, Gerald and {Pigulski}, Andrzej},
       series = {IAU Symposium},
       volume = {301},
        month = feb,
        pages = {241-248},
          doi = {10.1017/S1743921313014397},
archivePrefix = {arXiv},
       eprint = {1309.3969},
 primaryClass = {astro-ph.SR},
       adsurl = {https://ui.adsabs.harvard.edu/abs/2014IAUS..301..241S},
      adsnote = {Provided by the SAO/NASA Astrophysics Data System}
}


@ARTICLE{2017MNRAS.466.2602P,
       author = {{Prudil}, Z. and {Skarka}, M.},
        title = "{Blazhko effect in the Galactic bulge fundamental mode RR Lyrae stars - I. Incidence rate and differences between modulated and non-modulated stars}",
      journal = {\mnras},
     keywords = {Methods: data analysis, methods: statistical, techniques: photometric, stars: horizontal branch, stars: variables: RR Lyrae, Astrophysics - Solar and Stellar Astrophysics},
         year = 2017,
        month = apr,
       volume = {466},
       number = {3},
        pages = {2602-2613},
          doi = {10.1093/mnras/stw3231},
archivePrefix = {arXiv},
       eprint = {1701.00782},
 primaryClass = {astro-ph.SR},
       adsurl = {https://ui.adsabs.harvard.edu/abs/2017MNRAS.466.2602P},
      adsnote = {Provided by the SAO/NASA Astrophysics Data System}
}



@ARTICLE{2011MNRAS.417..974B,
       author = {{Benk{\H{o}}}, J.~M. and {Szab{\'o}}, R. and {Papar{\'o}}, M.},
        title = "{Blazhko RR Lyrae light curves as modulated signals}",
      journal = {\mnras},
     keywords = {methods: analytical, methods: data analysis, stars: oscillations, stars: variables: general, stars: variables: RR Lyrae, Astrophysics - Solar and Stellar Astrophysics, Astrophysics - Instrumentation and Methods for Astrophysics},
         year = 2011,
        month = oct,
       volume = {417},
       number = {2},
        pages = {974-991},
          doi = {10.1111/j.1365-2966.2011.19313.x},
archivePrefix = {arXiv},
       eprint = {1106.4914},
 primaryClass = {astro-ph.SR},
       adsurl = {https://ui.adsabs.harvard.edu/abs/2011MNRAS.417..974B},
      adsnote = {Provided by the SAO/NASA Astrophysics Data System}
}




@ARTICLE{2010A&A...520A.108P,
       author = {{Poretti}, E. and {Papar{\'o}}, M. and {Deleuil}, M. and {Chadid}, M. and {Kolenberg}, K. and {Szab{\'o}}, R. and {Benk{\H{o}}}, J.~M. and {Chapellier}, E. and {Guggenberger}, E. and {Le Borgne}, J.~F. and {Rostagni}, F. and {Trinquet}, H. and {Auvergne}, M. and {Baglin}, A. and {Sarro}, L.~M. and {Weiss}, W.~W.},
        title = "{CoRoT light curves of RR Lyrae stars. CoRoT 101128793: long-term changes in the Blazhko effect and excitation of additional modes}",
      journal = {\aap},
     keywords = {stars: variables: RR Lyrae, stars: oscillations, stars: interiors, stars: individual: CoRoT 101128793, techniques: photometric, Astrophysics - Solar and Stellar Astrophysics},
         year = 2010,
        month = sep,
       volume = {520},
          eid = {A108},
        pages = {A108},
          doi = {10.1051/0004-6361/201014941},
archivePrefix = {arXiv},
       eprint = {1006.5824},
 primaryClass = {astro-ph.SR},
       adsurl = {https://ui.adsabs.harvard.edu/abs/2010A&A...520A.108P},
      adsnote = {Provided by the SAO/NASA Astrophysics Data System}
}




@ARTICLE{2014ApJS..213...31B,
       author = {{Benk{\H{o}}}, J.~M. and {Plachy}, E. and {Szab{\'o}}, R. and {Moln{\'a}r}, L. and {Koll{\'a}th}, Z.},
        title = "{Long-timescale Behavior of the Blazhko Effect from Rectified Kepler Data}",
      journal = {\apjs},
     keywords = {space vehicles, stars: oscillations, stars: variables: RR Lyrae, techniques: photometric, Astrophysics - Solar and Stellar Astrophysics},
         year = 2014,
        month = aug,
       volume = {213},
       number = {2},
          eid = {31},
        pages = {31},
          doi = {10.1088/0067-0049/213/2/31},
archivePrefix = {arXiv},
       eprint = {1406.5864},
 primaryClass = {astro-ph.SR},
       adsurl = {https://ui.adsabs.harvard.edu/abs/2014ApJS..213...31B},
      adsnote = {Provided by the SAO/NASA Astrophysics Data System}
}


@ARTICLE{2012MNRAS.424..649G,
       author = {{Guggenberger}, E. and {Kolenberg}, K. and {Nemec}, J.~M. and {Smolec}, R. and {Benk{\H{o}}}, J.~M. and {Ngeow}, C. -C. and {Cohen}, J.~G. and {Sesar}, B. and {Szab{\'o}}, R. and {Catelan}, M. and {Moskalik}, P. and {Kinemuchi}, K. and {Seader}, S.~E. and {Smith}, J.~C. and {Tenenbaum}, P. and {Kjeldsen}, H.},
        title = "{The complex case of V445 Lyr observed with Kepler: two Blazhko modulations, a non-radial mode, possible triple mode RR Lyrae pulsation, and more}",
      journal = {\mnras},
     keywords = {asteroseismology, methods: data analysis, techniques: photometric, stars: individual: KIC 6186029 (V445 Lyr), stars: individual: CoRoT 105288363, stars: variables: RR Lyrae, Astrophysics - Solar and Stellar Astrophysics},
         year = 2012,
        month = jul,
       volume = {424},
       number = {1},
        pages = {649-665},
          doi = {10.1111/j.1365-2966.2012.21244.x},
archivePrefix = {arXiv},
       eprint = {1205.1344},
 primaryClass = {astro-ph.SR},
       adsurl = {https://ui.adsabs.harvard.edu/abs/2012MNRAS.424..649G},
      adsnote = {Provided by the SAO/NASA Astrophysics Data System}
}


@ARTICLE{2013A&A...549A.101S,
       author = {{Skarka}, M.},
        title = "{Known Galactic field Blazhko stars}",
      journal = {\aap},
     keywords = {catalogs, stars: horizontal-branch, stars: variables: RR Lyrae, Astrophysics - Solar and Stellar Astrophysics},
         year = 2013,
        month = jan,
       volume = {549},
          eid = {A101},
        pages = {A101},
          doi = {10.1051/0004-6361/201220398},
archivePrefix = {arXiv},
       eprint = {1210.7120},
 primaryClass = {astro-ph.SR},
       adsurl = {https://ui.adsabs.harvard.edu/abs/2013A&A...549A.101S},
      adsnote = {Provided by the SAO/NASA Astrophysics Data System}
}


@Article{matplotlib2007,
  Author    = {Hunter, J. D.},
  Title     = {Matplotlib: A 2D graphics environment},
  Journal   = {Computing in Science \& Engineering},
  Volume    = {9},
  Number    = {3},
  Pages     = {90--95},
  abstract  = {Matplotlib is a 2D graphics package used for Python for
  application development, interactive scripting, and publication-quality
  image generation across user interfaces and operating systems.},
  publisher = {IEEE COMPUTER SOC},
  doi       = {10.1109/MCSE.2007.55},
  year      = 2007
}


@ARTICLE{scipy2020,
  author  = {Virtanen, Pauli and Gommers, Ralf and Oliphant, Travis E. and
            Haberland, Matt and Reddy, Tyler and Cournapeau, David and
            Burovski, Evgeni and Peterson, Pearu and Weckesser, Warren and
            Bright, Jonathan and {van der Walt}, St{\'e}fan J. and
            Brett, Matthew and Wilson, Joshua and Millman, K. Jarrod and
            Mayorov, Nikolay and Nelson, Andrew R. J. and Jones, Eric and
            Kern, Robert and Larson, Eric and Carey, C J and
            Polat, {\.I}lhan and Feng, Yu and Moore, Eric W. and
            {VanderPlas}, Jake and Laxalde, Denis and Perktold, Josef and
            Cimrman, Robert and Henriksen, Ian and Quintero, E. A. and
            Harris, Charles R. and Archibald, Anne M. and
            Ribeiro, Ant{\^o}nio H. and Pedregosa, Fabian and
            {van Mulbregt}, Paul and {SciPy 1.0 Contributors}},
  title   = {{{SciPy} 1.0: Fundamental Algorithms for Scientific
            Computing in Python}},
  journal = {Nature Methods},
  year    = {2020},
  volume  = {17},
  pages   = {261--272},
  adsurl  = {https://rdcu.be/b08Wh},
  doi     = {10.1038/s41592-019-0686-2},
}




@ARTICLE{astropy:2022,
       author = {{Astropy Collaboration} and {Price-Whelan}, Adrian M. and {Lim}, Pey Lian and {Earl}, Nicholas and {Starkman}, Nathaniel and {Bradley}, Larry and {Shupe}, David L. and {Patil}, Aarya A. and {Corrales}, Lia and {Brasseur}, C.~E. and {N{"o}the}, Maximilian and {Donath}, Axel and {Tollerud}, Erik and {Morris}, Brett M. and {Ginsburg}, Adam and {Vaher}, Eero and {Weaver}, Benjamin A. and {Tocknell}, James and {Jamieson}, William and {van Kerkwijk}, Marten H. and {Robitaille}, Thomas P. and {Merry}, Bruce and {Bachetti}, Matteo and {G{"u}nther}, H. Moritz and {Aldcroft}, Thomas L. and {Alvarado-Montes}, Jaime A. and {Archibald}, Anne M. and {B{'o}di}, Attila and {Bapat}, Shreyas and {Barentsen}, Geert and {Baz{'a}n}, Juanjo and {Biswas}, Manish and {Boquien}, M{'e}d{'e}ric and {Burke}, D.~J. and {Cara}, Daria and {Cara}, Mihai and {Conroy}, Kyle E. and {Conseil}, Simon and {Craig}, Matthew W. and {Cross}, Robert M. and {Cruz}, Kelle L. and {D'Eugenio}, Francesco and {Dencheva}, Nadia and {Devillepoix}, Hadrien A.~R. and {Dietrich}, J{"o}rg P. and {Eigenbrot}, Arthur Davis and {Erben}, Thomas and {Ferreira}, Leonardo and {Foreman-Mackey}, Daniel and {Fox}, Ryan and {Freij}, Nabil and {Garg}, Suyog and {Geda}, Robel and {Glattly}, Lauren and {Gondhalekar}, Yash and {Gordon}, Karl D. and {Grant}, David and {Greenfield}, Perry and {Groener}, Austen M. and {Guest}, Steve and {Gurovich}, Sebastian and {Handberg}, Rasmus and {Hart}, Akeem and {Hatfield-Dodds}, Zac and {Homeier}, Derek and {Hosseinzadeh}, Griffin and {Jenness}, Tim and {Jones}, Craig K. and {Joseph}, Prajwel and {Kalmbach}, J. Bryce and {Karamehmetoglu}, Emir and {Ka{l}uszy{'n}ski}, Miko{l}aj and {Kelley}, Michael S.~P. and {Kern}, Nicholas and {Kerzendorf}, Wolfgang E. and {Koch}, Eric W. and {Kulumani}, Shankar and {Lee}, Antony and {Ly}, Chun and {Ma}, Zhiyuan and {MacBride}, Conor and {Maljaars}, Jakob M. and {Muna}, Demitri and {Murphy}, N.~A. and {Norman}, Henrik and {O'Steen}, Richard and {Oman}, Kyle A. and {Pacifici}, Camilla and {Pascual}, Sergio and {Pascual-Granado}, J. and {Patil}, Rohit R. and {Perren}, Gabriel I. and {Pickering}, Timothy E. and {Rastogi}, Tanuj and {Roulston}, Benjamin R. and {Ryan}, Daniel F. and {Rykoff}, Eli S. and {Sabater}, Jose and {Sakurikar}, Parikshit and {Salgado}, Jes{'u}s and {Sanghi}, Aniket and {Saunders}, Nicholas and {Savchenko}, Volodymyr and {Schwardt}, Ludwig and {Seifert-Eckert}, Michael and {Shih}, Albert Y. and {Jain}, Anany Shrey and {Shukla}, Gyanendra and {Sick}, Jonathan and {Simpson}, Chris and {Singanamalla}, Sudheesh and {Singer}, Leo P. and {Singhal}, Jaladh and {Sinha}, Manodeep and {Sip{H{o}}cz}, Brigitta M. and {Spitler}, Lee R. and {Stansby}, David and {Streicher}, Ole and {{{S}}umak}, Jani and {Swinbank}, John D. and {Taranu}, Dan S. and {Tewary}, Nikita and {Tremblay}, Grant R. and {Val-Borro}, Miguel de and {Van Kooten}, Samuel J. and {Vasovi{'c}}, Zlatan and {Verma}, Shresth and {de Miranda Cardoso}, Jos{'e} Vin{'i}cius and {Williams}, Peter K.~G. and {Wilson}, Tom J. and {Winkel}, Benjamin and {Wood-Vasey}, W.~M. and {Xue}, Rui and {Yoachim}, Peter and {Zhang}, Chen and {Zonca}, Andrea and {Astropy Project Contributors}},
        title = "{The Astropy Project: Sustaining and Growing a Community-oriented Open-source Project and the Latest Major Release (v5.0) of the Core Package}",
      journal = {\apj},
     keywords = {Astronomy software, Open source software, Astronomy data analysis, 1855, 1866, 1858, Astrophysics - Instrumentation and Methods for Astrophysics},
         year = 2022,
        month = aug,
       volume = {935},
       number = {2},
          eid = {167},
        pages = {167},
          doi = {10.3847/1538-4357/ac7c74},
archivePrefix = {arXiv},
       eprint = {2206.14220},
 primaryClass = {astro-ph.IM},
       adsurl = {https://ui.adsabs.harvard.edu/abs/2022ApJ...935..167A},
      adsnote = {Provided by the SAO/NASA Astrophysics Data System}
}


@ARTICLE{2023A&A...674A..18C,
       author = {{Clementini}, G. and {Ripepi}, V. and {Garofalo}, A. and {Molinaro}, R. and {Muraveva}, T. and {Leccia}, S. and {Rimoldini}, L. and {Holl}, B. and {Jevardat de Fombelle}, G. and {Sartoretti}, P. and {Marchal}, O. and {Audard}, M. and {Nienartowicz}, K. and {Andrae}, R. and {Marconi}, M. and {Szabados}, L. and {Evans}, D.~W. and {Lecoeur-Taibi}, I. and {Mowlavi}, N. and {Musella}, I. and {Eyer}, L.},
        title = "{Gaia Data Release 3. Specific processing and validation of all-sky RR Lyrae and Cepheid stars: The RR Lyrae sample}",
      journal = {\aap},
     keywords = {stars: general, stars: oscillations, stars: variables: RR Lyrae, stars: variables: Cepheids, Magellanic Clouds, methods: data analysis, Astrophysics - Solar and Stellar Astrophysics, Astrophysics - Cosmology and Nongalactic Astrophysics, Astrophysics - Earth and Planetary Astrophysics, Astrophysics - Astrophysics of Galaxies, Astrophysics - Instrumentation and Methods for Astrophysics},
         year = 2023,
        month = jun,
       volume = {674},
          eid = {A18},
        pages = {A18},
          doi = {10.1051/0004-6361/202243964},
archivePrefix = {arXiv},
       eprint = {2206.06278},
 primaryClass = {astro-ph.SR},
       adsurl = {https://ui.adsabs.harvard.edu/abs/2023A&A...674A..18C},
      adsnote = {Provided by the SAO/NASA Astrophysics Data System}
}




@ARTICLE{2011MNRAS.411.1744S,
       author = {{Szeidl}, B. and {Hurta}, Zs. and {Jurcsik}, J. and {Clement}, C. and {Lovas}, M.},
        title = "{Long-term photometric monitoring of Messier 5 variables - I. Period changes of RR Lyrae stars}",
      journal = {\mnras},
     keywords = {Astrophysics - Solar and Stellar Astrophysics},
         year = 2011,
        month = mar,
       volume = {411},
       number = {3},
        pages = {1744-1762},
          doi = {10.1111/j.1365-2966.2010.17815.x},
archivePrefix = {arXiv},
       eprint = {1010.1115},
 primaryClass = {astro-ph.SR},
       adsurl = {https://ui.adsabs.harvard.edu/abs/2011MNRAS.411.1744S},
      adsnote = {Provided by the SAO/NASA Astrophysics Data System}
}


@ARTICLE{2017IBVS.6228....1D,
       author = {{Dagne}, T.~M. and {Berdnikov}, L.~N. and {Kniazev}, A.~Y. and {Dambis}, A.~K.},
        title = "{O-C diagrams for 33 RR Lyrae-type stars}",
      journal = {Information Bulletin on Variable Stars},
     keywords = {CCD photometry, O-C analysis},
         year = 2017,
        month = dec,
       volume = {6228},
        pages = {1},
          doi = {10.22444/IBVS.6228},
       adsurl = {https://ui.adsabs.harvard.edu/abs/2017IBVS.6228....1D},
      adsnote = {Provided by the SAO/NASA Astrophysics Data System}
}

@ARTICLE{2018MNRAS.480.1229N,
       author = {{Netzel}, H. and {Smolec}, R. and {Soszy{\'n}ski}, I. and {Udalski}, A.},
        title = "{Blazhko effect in the first overtone RR Lyrae stars of the OGLE Galactic bulge collection}",
      journal = {\mnras},
     keywords = {stars: horizontal branch, stars: oscillations, stars: variable: RR Lyrae, Astrophysics - Solar and Stellar Astrophysics},
         year = 2018,
        month = oct,
       volume = {480},
       number = {1},
        pages = {1229-1246},
          doi = {10.1093/mnras/sty1883},
archivePrefix = {arXiv},
       eprint = {1812.05409},
 primaryClass = {astro-ph.SR},
       adsurl = {https://ui.adsabs.harvard.edu/abs/2018MNRAS.480.1229N},
      adsnote = {Provided by the SAO/NASA Astrophysics Data System}
}

@ARTICLE{2023A&A...678A.104M,
       author = {{Moln{\'a}r}, L{\'a}szl{\'o} and {Plachy}, Emese and {B{\'o}di}, Attila and {P{\'a}l}, Andr{\'a}s and {Joyce}, Meridith and {Kalup}, Csilla and {Johnson}, Christian I. and {Dencs}, Zolt{\'a}n and {M{\'e}sz{\'a}ros}, Szabolcs and {Netzel}, Henryka and {Kinemuchi}, Karen and {Kollmeier}, Juna A. and {Prieto}, Jose Luis and {Derekas}, Aliz},
        title = "{To grow old and peculiar: Survey of anomalous variable stars in M80 with age determinations using K2 and Gaia}",
      journal = {\aap},
     keywords = {globular clusters: individual: M80, stars: variables: RR Lyrae, stars: variables: general, asteroseismology, stars: evolution, Astrophysics - Solar and Stellar Astrophysics, Astrophysics - Astrophysics of Galaxies},
         year = 2023,
        month = oct,
       volume = {678},
          eid = {A104},
        pages = {A104},
          doi = {10.1051/0004-6361/202346507},
archivePrefix = {arXiv},
       eprint = {2308.01560},
 primaryClass = {astro-ph.SR},
       adsurl = {https://ui.adsabs.harvard.edu/abs/2023A&A...678A.104M},
      adsnote = {Provided by the SAO/NASA Astrophysics Data System}
}


@ARTICLE{2004MNRAS.354..821D,
       author = {{Derekas}, A. and {Kiss}, L.~L. and {Udalski}, A. and {Bedding}, T.~R. and {Szatm{\'a}ry}, K.},
        title = "{A first-overtone RR Lyrae star with cyclic period changes}",
      journal = {\mnras},
     keywords = {stars: individual: MACHO* J050918.712-695015.31, stars: variables: other, Astrophysics},
         year = 2004,
        month = nov,
       volume = {354},
       number = {3},
        pages = {821-826},
          doi = {10.1111/j.1365-2966.2004.08242.x},
archivePrefix = {arXiv},
       eprint = {astro-ph/0407420},
 primaryClass = {astro-ph},
       adsurl = {https://ui.adsabs.harvard.edu/abs/2004MNRAS.354..821D},
      adsnote = {Provided by the SAO/NASA Astrophysics Data System}
}


@ARTICLE{2017MNRAS.465L...1S,
       author = {{S{\'o}dor}, {\'A}. and {Skarka}, M. and {Li{\v{s}}ka}, J. and {Bogn{\'a}r}, Zs.},
        title = "{KIC 2831097 - a 2-yr-orbital-period RR Lyrae binary candidate}",
      journal = {\mnras},
     keywords = {methods: data analysis, techniques: photometric, binaries: general, stars: individual: KIC 2831097, stars: variables: RR Lyrae, Astrophysics - Solar and Stellar Astrophysics},
         year = 2017,
        month = feb,
       volume = {465},
       number = {1},
        pages = {L1-L5},
          doi = {10.1093/mnrasl/slw194},
archivePrefix = {arXiv},
       eprint = {1609.06474},
 primaryClass = {astro-ph.SR},
       adsurl = {https://ui.adsabs.harvard.edu/abs/2017MNRAS.465L...1S},
      adsnote = {Provided by the SAO/NASA Astrophysics Data System}
}

@ARTICLE{2019arXiv190200905L,
       author = {{Le Borgne}, J.~F. and {Klotz}, A.},
        title = "{Observations of the RRc variable LINEAR 1169665 with the robotic telescope TAROT}",
      journal = {arXiv e-prints},
     keywords = {Astrophysics - Solar and Stellar Astrophysics},
         year = 2019,
        month = feb,
          eid = {arXiv:1902.00905},
        pages = {arXiv:1902.00905},
          doi = {10.48550/arXiv.1902.00905},
archivePrefix = {arXiv},
       eprint = {1902.00905},
 primaryClass = {astro-ph.SR},
       adsurl = {https://ui.adsabs.harvard.edu/abs/2019arXiv190200905L},
      adsnote = {Provided by the SAO/NASA Astrophysics Data System}
}


