

@ARTICLE{1907AN....175..325B,
       author = {{Bla{\v{z}}ko}, S.},
        title = "{Mitteilung {\"u}ber ver{\"a}nderliche Sterne}",
      journal = {Astronomische Nachrichten},
         year = 1907,
        month = aug,
       volume = {175},
        pages = {325},
          doi = {10.1002/asna.19071752002},
       adsurl = {https://ui.adsabs.harvard.edu/abs/1907AN....175..325B},
      adsnote = {Provided by the SAO/NASA Astrophysics Data System}
}


@ARTICLE{IVLZ2005,
   author = {{Ivezi{\'c}}, {\v Z}. and {Vivas}, A.~K. and {Lupton}, R.~H. and
	{Zinn}, R.},
    title = "{The Selection of RR Lyrae Stars Using Single-Epoch Data}",
  journal = {\aj},
 keywords = {Galaxy: Halo, Galaxy: Stellar Content, Galaxy: Structure, Stars: Variables: Other},
     year = 2005,
    month = feb,
   volume = 129,
    pages = {1096-1108},
      doi = {10.1086/427392},
   adsurl = {http://adsabs.harvard.edu/abs/2005AJ....129.1096I},
  adsnote = {Provided by the SAO/NASA Astrophysics Data System}
}


@ARTICLE{2022ApJS..258....4H,
       author = {{Hernitschek}, Nina and {Stassun}, Keivan G.},
        title = "{The Impact of Observing Strategy on the Reliable Classification of Standard Candle Stars: Detection of Amplitude, Period, and Phase Modulation (Blazhko Effect) of RR Lyrae Stars with LSST}",
      journal = {\apjs},
     keywords = {1464, Astrophysics - Solar and Stellar Astrophysics, Astrophysics - Astrophysics of Galaxies, Astrophysics - Instrumentation and Methods for Astrophysics},
         year = 2022,
        month = jan,
       volume = {258},
       number = {1},
          eid = {4},
        pages = {4},
          doi = {10.3847/1538-4365/ac3baf},
archivePrefix = {arXiv},
       eprint = {2109.13212},
 primaryClass = {astro-ph.SR},
       adsurl = {https://ui.adsabs.harvard.edu/abs/2022ApJS..258....4H},
      adsnote = {Provided by the SAO/NASA Astrophysics Data System}
}

@ARTICLE{2010ApJ...708..717S,
       author = {{Sesar}, Branimir and {Ivezi{\'c}}, {\v{Z}}eljko and {Grammer}, Skyler H. and {Morgan}, Dylan P. and {Becker}, Andrew C. and {Juri{\'c}}, Mario and {De Lee}, Nathan and {Annis}, James and {Beers}, Timothy C. and {Fan}, Xiaohui and {Lupton}, Robert H. and {Gunn}, James E. and {Knapp}, Gillian R. and {Jiang}, Linhua and {Jester}, Sebastian and {Johnston}, David E. and {Lampeitl}, Hubert},
        title = "{Light Curve Templates and Galactic Distribution of RR Lyrae Stars from Sloan Digital Sky Survey Stripe 82}",
      journal = {\apj},
     keywords = {Galaxy: halo, Galaxy: stellar content, Galaxy: structure, methods: data analysis, stars: horizontal-branch, stars: statistics, stars: variables: other, Astrophysics - Astrophysics of Galaxies},
         year = 2010,
        month = jan,
       volume = {708},
       number = {1},
        pages = {717-741},
          doi = {10.1088/0004-637X/708/1/717},
archivePrefix = {arXiv},
       eprint = {0910.4611},
 primaryClass = {astro-ph.GA},
       adsurl = {https://ui.adsabs.harvard.edu/abs/2010ApJ...708..717S},
      adsnote = {Provided by the SAO/NASA Astrophysics Data System}
}



@ARTICLE{2009Ap&SS.320..261C,
       author = {{Catelan}, M.},
        title = "{Horizontal branch stars: the interplay between observations and theory, and insights into the formation of the Galaxy}",
      journal = {\apss},
     keywords = {Galaxies: Local Group, Galaxy: formation, Galaxy: globular cluster: general, Stars: evolution, Stars: Hertzsprung-Russell diagram, Stars: horizontal-branch, Stars: variables: other, Astrophysics},
         year = 2009,
        month = apr,
       volume = {320},
        pages = {261-309},
          doi = {10.1007/s10509-009-9987-8},
archivePrefix = {arXiv},
       eprint = {astro-ph/0507464},
 primaryClass = {astro-ph},
       adsurl = {https://ui.adsabs.harvard.edu/abs/2009Ap&SS.320..261C},
      adsnote = {Provided by the SAO/NASA Astrophysics Data System}
}

@ARTICLE{1995CAS....27.....S,
       author = {{Smith}, H.~A.},
        title = "{RR Lyrae stars.}",
      journal = {Cambridge Astrophysics Series},
     keywords = {RR Lyrae Stars, RR Lyrae Stars: Globular Clusters, RR Lyrae Stars: Galaxies},
         year = 1995,
        month = jan,
       volume = {27},
       adsurl = {https://ui.adsabs.harvard.edu/abs/1995CAS....27.....S},
      adsnote = {Provided by the SAO/NASA Astrophysics Data System}
}


@INPROCEEDINGS{2009AIPC.1170..261K,
       author = {{Kov{\'a}cs}, G.},
        title = "{The Blazhko Effect}",
     keywords = {97.30.-b, 95.30.Lz, 97.10.Ri, Variable and peculiar stars, Hydrodynamics, Luminosities, magnitudes, effective temperatures colors and spectral classification, Astrophysics - Solar and Stellar Astrophysics},
    booktitle = {Stellar Pulsation: Challenges for Theory and Observation},
         year = 2009,
       editor = {{Guzik}, Joyce Ann and {Bradley}, Paul A.},
       series = {American Institute of Physics Conference Series},
       volume = {1170},
        month = sep,
        pages = {261-272},
          doi = {10.1063/1.3246458},
archivePrefix = {arXiv},
       eprint = {0908.4536},
 primaryClass = {astro-ph.SR},
       adsurl = {https://ui.adsabs.harvard.edu/abs/2009AIPC.1170..261K},
      adsnote = {Provided by the SAO/NASA Astrophysics Data System}
}


@ARTICLE{2016CoKon.105...61K,
       author = {{Kovacs}, G.},
        title = "{The Blazhko phenomenon}",
      journal = {Commmunications of the Konkoly Observatory Hungary},
     keywords = {Astrophysics - Solar and Stellar Astrophysics},
         year = 2016,
        month = may,
       volume = {105},
        pages = {61-68},
          doi = {10.48550/arXiv.1512.05722},
archivePrefix = {arXiv},
       eprint = {1512.05722},
 primaryClass = {astro-ph.SR},
       adsurl = {https://ui.adsabs.harvard.edu/abs/2016CoKon.105...61K},
      adsnote = {Provided by the SAO/NASA Astrophysics Data System}
}

@ARTICLE{2007MNRAS.377.1263S,
       author = {{Szczygie{\l}}, D.~M. and {Fabrycky}, D.~C.},
        title = "{Multiperiodic Galactic field RR Lyrae stars in the ASAS catalogue}",
      journal = {\mnras},
     keywords = {methods: statistical, stars: horizontal branch, stars: individual: SU Col, stars: oscillations, stars: variables: other, Astrophysics},
         year = 2007,
        month = may,
       volume = {377},
       number = {3},
        pages = {1263-1274},
          doi = {10.1111/j.1365-2966.2007.11678.x},
archivePrefix = {arXiv},
       eprint = {astro-ph/0701068},
 primaryClass = {astro-ph},
       adsurl = {https://ui.adsabs.harvard.edu/abs/2007MNRAS.377.1263S},
      adsnote = {Provided by the SAO/NASA Astrophysics Data System}
}

@ARTICLE{2003ApJ...598..597A,
       author = {{Alcock}, C. and {Alves}, D.~R. and {Becker}, A. and {Bennett}, D. and {Cook}, K.~H. and {Drake}, A. and {Freeman}, K. and {Geha}, M. and {Griest}, K. and {Kov{\'a}cs}, G. and {Lehner}, M. and {Marshall}, S. and {Minniti}, D. and {Nelson}, C. and {Peterson}, B. and {Popowski}, P. and {Pratt}, M. and {Quinn}, P. and {Rodgers}, A. and {Stubbs}, C. and {Sutherland}, W. and {Vandehei}, T. and {Welch}, D.~L.},
        title = "{The MACHO Project Large Magellanic Cloud Variable Star Inventory. XI. Frequency Analysis of the Fundamental-Mode RR Lyrae Stars}",
      journal = {\apj},
     keywords = {Galaxy: Globular Clusters: General, Stars: Horizontal-Branch, Stars: Oscillations, Stars: Variables: Other: (RR Lyrae), Astrophysics},
         year = 2003,
        month = nov,
       volume = {598},
       number = {1},
        pages = {597-609},
          doi = {10.1086/378689},
archivePrefix = {arXiv},
       eprint = {astro-ph/0308019},
 primaryClass = {astro-ph},
       adsurl = {https://ui.adsabs.harvard.edu/abs/2003ApJ...598..597A},
      adsnote = {Provided by the SAO/NASA Astrophysics Data System}
}


@ARTICLE{2014A&A...570A.100S,
       author = {{Szab{\'o}}, R. and {Benk{\H{o}}}, J.~M. and {Papar{\'o}}, M. and {Chapellier}, E. and {Poretti}, E. and {Baglin}, A. and {Weiss}, W.~W. and {Kolenberg}, K. and {Guggenberger}, E. and {Le Borgne}, J. -F.},
        title = "{Revisiting CoRoT RR Lyrae stars: detection of period doubling and temporal variation of additional frequencies}",
      journal = {\aap},
     keywords = {stars: variables: RR Lyrae, stars: oscillations, stars: interiors, techniques: photometric, Astrophysics - Solar and Stellar Astrophysics},
         year = 2014,
        month = oct,
       volume = {570},
          eid = {A100},
        pages = {A100},
          doi = {10.1051/0004-6361/201424522},
archivePrefix = {arXiv},
       eprint = {1408.0653},
 primaryClass = {astro-ph.SR},
       adsurl = {https://ui.adsabs.harvard.edu/abs/2014A&A...570A.100S},
      adsnote = {Provided by the SAO/NASA Astrophysics Data System}
}


@ARTICLE{2009AcA....59....1S,
       author = {{Soszy{\'n}ski}, I. and {Udalski}, A. and {Szyma{\'n}ski}, M.~K. and {Kubiak}, M. and {Pietrzy{\'n}ski}, G. and {Wyrzykowski}, {\L}. and {Szewczyk}, O. and {Ulaczyk}, K. and {Poleski}, R.},
        title = "{The Optical Gravitational Lensing Experiment. The OGLE-III Catalog of Variable Stars. III. RR Lyrae Stars in the Large Magellanic Cloud}",
      journal = {\actaa},
     keywords = {RR Lyrae, Stars: oscillations, Stars: Population II, Magellanic Clouds, Astrophysics - Solar and Stellar Astrophysics},
         year = 2009,
        month = mar,
       volume = {59},
       number = {1},
        pages = {1-18},
          doi = {10.48550/arXiv.0903.2482},
archivePrefix = {arXiv},
       eprint = {0903.2482},
 primaryClass = {astro-ph.SR},
       adsurl = {https://ui.adsabs.harvard.edu/abs/2009AcA....59....1S},
      adsnote = {Provided by the SAO/NASA Astrophysics Data System}
}

@ARTICLE{2011AcA....61....1S,
       author = {{Soszy{\'n}ski}, I. and {Dziembowski}, W.~A. and {Udalski}, A. and {Poleski}, R. and {Szyma{\'n}ski}, M.~K. and {Kubiak}, M. and {Pietrzy{\'n}ski}, G. and {Wyrzykowski}, {\L}. and {Ulaczyk}, K. and {Koz{\l}owski}, S. and {Pietrukowicz}, P.},
        title = "{The Optical Gravitational Lensing Experiment. The OGLE-III Catalog of Variable Stars. XI. RR Lyrae Stars in the Galactic Bulge}",
      journal = {\actaa},
     keywords = {Stars: variables: RR Lyrae, Stars: oscillations (including pulsations), Stars: Population II, Galaxy: center, Galaxies: individual: Sagittarius Dwarf Spheroidal Galaxy, Astrophysics - Solar and Stellar Astrophysics},
         year = 2011,
        month = mar,
       volume = {61},
       number = {1},
        pages = {1-23},
          doi = {10.48550/arXiv.1105.6126},
archivePrefix = {arXiv},
       eprint = {1105.6126},
 primaryClass = {astro-ph.SR},
       adsurl = {https://ui.adsabs.harvard.edu/abs/2011AcA....61....1S},
      adsnote = {Provided by the SAO/NASA Astrophysics Data System}
}


@ARTICLE{2003AcA....53..307M,
       author = {{Mizerski}, T.},
        title = "{Multiperiodic RR Lyr Stars in the Center of the Galaxy}",
      journal = {\actaa},
     keywords = {Stars: variables: RR Lyr, Stars: oscillations, Galaxy: bulge, Astrophysics},
         year = 2003,
        month = dec,
       volume = {53},
        pages = {307-320},
          doi = {10.48550/arXiv.astro-ph/0401612},
archivePrefix = {arXiv},
       eprint = {astro-ph/0401612},
 primaryClass = {astro-ph},
       adsurl = {https://ui.adsabs.harvard.edu/abs/2003AcA....53..307M},
      adsnote = {Provided by the SAO/NASA Astrophysics Data System}
}

@ARTICLE{2010AcA....60..165S,
       author = {{Soszy{\'n}ski}, I. and {Udalski}, A. and {Szyma{\'n}ski}, M.~K. and {Kubiak}, J. and {Pietrzy{\'n}ski}, G. and {Wyrzykowski}, {\L}. and {Ulaczyk}, K. and {Poleski}, R.},
        title = "{The Optical Gravitational Lensing Experiment. The OGLE-III Catalog of Variable Stars. IX. RR Lyr Stars in the Small Magellanic Cloud}",
      journal = {\actaa},
     keywords = {Stars: variables: RR Lyrae, Stars: oscillations, Stars: Population II, Magellanic Clouds, Astrophysics - Solar and Stellar Astrophysics},
         year = 2010,
        month = sep,
       volume = {60},
       number = {3},
        pages = {165-178},
          doi = {10.48550/arXiv.1009.0528},
archivePrefix = {arXiv},
       eprint = {1009.0528},
 primaryClass = {astro-ph.SR},
       adsurl = {https://ui.adsabs.harvard.edu/abs/2010AcA....60..165S},
      adsnote = {Provided by the SAO/NASA Astrophysics Data System}
}


@ARTICLE{2019ApJ...873..111I,
       author = {{Ivezi{\'c}}, {\v{Z}}eljko and {Kahn}, Steven M. and {Tyson}, J. Anthony and {Abel}, Bob and {Acosta}, Emily and {Allsman}, Robyn and {Alonso}, David and {AlSayyad}, Yusra and {Anderson}, Scott F. and {Andrew}, John and {Angel}, James Roger P. and {Angeli}, George Z. and {Ansari}, Reza and {Antilogus}, Pierre and {Araujo}, Constanza and {Armstrong}, Robert and {Arndt}, Kirk T. and {Astier}, Pierre and {Aubourg}, {\'E}ric and {Auza}, Nicole and {Axelrod}, Tim S. and {Bard}, Deborah J. and {Barr}, Jeff D. and {Barrau}, Aurelian and {Bartlett}, James G. and {Bauer}, Amanda E. and {Bauman}, Brian J. and {Baumont}, Sylvain and {Bechtol}, Ellen and {Bechtol}, Keith and {Becker}, Andrew C. and {Becla}, Jacek and {Beldica}, Cristina and {Bellavia}, Steve and {Bianco}, Federica B. and {Biswas}, Rahul and {Blanc}, Guillaume and {Blazek}, Jonathan and {Blandford}, Roger D. and {Bloom}, Josh S. and {Bogart}, Joanne and {Bond}, Tim W. and {Booth}, Michael T. and {Borgland}, Anders W. and {Borne}, Kirk and {Bosch}, James F. and {Boutigny}, Dominique and {Brackett}, Craig A. and {Bradshaw}, Andrew and {Brandt}, William Nielsen and {Brown}, Michael E. and {Bullock}, James S. and {Burchat}, Patricia and {Burke}, David L. and {Cagnoli}, Gianpietro and {Calabrese}, Daniel and {Callahan}, Shawn and {Callen}, Alice L. and {Carlin}, Jeffrey L. and {Carlson}, Erin L. and {Chandrasekharan}, Srinivasan and {Charles-Emerson}, Glenaver and {Chesley}, Steve and {Cheu}, Elliott C. and {Chiang}, Hsin-Fang and {Chiang}, James and {Chirino}, Carol and {Chow}, Derek and {Ciardi}, David R. and {Claver}, Charles F. and {Cohen-Tanugi}, Johann and {Cockrum}, Joseph J. and {Coles}, Rebecca and {Connolly}, Andrew J. and {Cook}, Kem H. and {Cooray}, Asantha and {Covey}, Kevin R. and {Cribbs}, Chris and {Cui}, Wei and {Cutri}, Roc and {Daly}, Philip N. and {Daniel}, Scott F. and {Daruich}, Felipe and {Daubard}, Guillaume and {Daues}, Greg and {Dawson}, William and {Delgado}, Francisco and {Dellapenna}, Alfred and {de Peyster}, Robert and {de Val-Borro}, Miguel and {Digel}, Seth W. and {Doherty}, Peter and {Dubois}, Richard and {Dubois-Felsmann}, Gregory P. and {Durech}, Josef and {Economou}, Frossie and {Eifler}, Tim and {Eracleous}, Michael and {Emmons}, Benjamin L. and {Fausti Neto}, Angelo and {Ferguson}, Henry and {Figueroa}, Enrique and {Fisher-Levine}, Merlin and {Focke}, Warren and {Foss}, Michael D. and {Frank}, James and {Freemon}, Michael D. and {Gangler}, Emmanuel and {Gawiser}, Eric and {Geary}, John C. and {Gee}, Perry and {Geha}, Marla and {Gessner}, Charles J.~B. and {Gibson}, Robert R. and {Gilmore}, D. Kirk and {Glanzman}, Thomas and {Glick}, William and {Goldina}, Tatiana and {Goldstein}, Daniel A. and {Goodenow}, Iain and {Graham}, Melissa L. and {Gressler}, William J. and {Gris}, Philippe and {Guy}, Leanne P. and {Guyonnet}, Augustin and {Haller}, Gunther and {Harris}, Ron and {Hascall}, Patrick A. and {Haupt}, Justine and {Hernandez}, Fabio and {Herrmann}, Sven and {Hileman}, Edward and {Hoblitt}, Joshua and {Hodgson}, John A. and {Hogan}, Craig and {Howard}, James D. and {Huang}, Dajun and {Huffer}, Michael E. and {Ingraham}, Patrick and {Innes}, Walter R. and {Jacoby}, Suzanne H. and {Jain}, Bhuvnesh and {Jammes}, Fabrice and {Jee}, M. James and {Jenness}, Tim and {Jernigan}, Garrett and {Jevremovi{\'c}}, Darko and {Johns}, Kenneth and {Johnson}, Anthony S. and {Johnson}, Margaret W.~G. and {Jones}, R. Lynne and {Juramy-Gilles}, Claire and {Juri{\'c}}, Mario and {Kalirai}, Jason S. and {Kallivayalil}, Nitya J. and {Kalmbach}, Bryce and {Kantor}, Jeffrey P. and {Karst}, Pierre and {Kasliwal}, Mansi M. and {Kelly}, Heather and {Kessler}, Richard and {Kinnison}, Veronica and {Kirkby}, David and {Knox}, Lloyd and {Kotov}, Ivan V. and {Krabbendam}, Victor L. and {Krughoff}, K. Simon and {Kub{\'a}nek}, Petr and {Kuczewski}, John and {Kulkarni}, Shri and {Ku}, John and {Kurita}, Nadine R. and {Lage}, Craig S. and {Lambert}, Ron and {Lange}, Travis and {Langton}, J. Brian and {Le Guillou}, Laurent and {Levine}, Deborah and {Liang}, Ming and {Lim}, Kian-Tat and {Lintott}, Chris J. and {Long}, Kevin E. and {Lopez}, Margaux and {Lotz}, Paul J. and {Lupton}, Robert H. and {Lust}, Nate B. and {MacArthur}, Lauren A. and {Mahabal}, Ashish and {Mandelbaum}, Rachel and {Markiewicz}, Thomas W. and {Marsh}, Darren S. and {Marshall}, Philip J. and {Marshall}, Stuart and {May}, Morgan and {McKercher}, Robert and {McQueen}, Michelle and {Meyers}, Joshua and {Migliore}, Myriam and {Miller}, Michelle and {Mills}, David J. and {Miraval}, Connor and {Moeyens}, Joachim and {Moolekamp}, Fred E. and {Monet}, David G. and {Moniez}, Marc and {Monkewitz}, Serge and {Montgomery}, Christopher and {Morrison}, Christopher B. and {Mueller}, Fritz and {Muller}, Gary P. and {Mu{\~n}oz Arancibia}, Freddy and {Neill}, Douglas R. and {Newbry}, Scott P. and {Nief}, Jean-Yves and {Nomerotski}, Andrei and {Nordby}, Martin and {O'Connor}, Paul and {Oliver}, John and {Olivier}, Scot S. and {Olsen}, Knut and {O'Mullane}, William and {Ortiz}, Sandra and {Osier}, Shawn and {Owen}, Russell E. and {Pain}, Reynald and {Palecek}, Paul E. and {Parejko}, John K. and {Parsons}, James B. and {Pease}, Nathan M. and {Peterson}, J. Matt and {Peterson}, John R. and {Petravick}, Donald L. and {Libby Petrick}, M.~E. and {Petry}, Cathy E. and {Pierfederici}, Francesco and {Pietrowicz}, Stephen and {Pike}, Rob and {Pinto}, Philip A. and {Plante}, Raymond and {Plate}, Stephen and {Plutchak}, Joel P. and {Price}, Paul A. and {Prouza}, Michael and {Radeka}, Veljko and {Rajagopal}, Jayadev and {Rasmussen}, Andrew P. and {Regnault}, Nicolas and {Reil}, Kevin A. and {Reiss}, David J. and {Reuter}, Michael A. and {Ridgway}, Stephen T. and {Riot}, Vincent J. and {Ritz}, Steve and {Robinson}, Sean and {Roby}, William and {Roodman}, Aaron and {Rosing}, Wayne and {Roucelle}, Cecille and {Rumore}, Matthew R. and {Russo}, Stefano and {Saha}, Abhijit and {Sassolas}, Benoit and {Schalk}, Terry L. and {Schellart}, Pim and {Schindler}, Rafe H. and {Schmidt}, Samuel and {Schneider}, Donald P. and {Schneider}, Michael D. and {Schoening}, William and {Schumacher}, German and {Schwamb}, Megan E. and {Sebag}, Jacques and {Selvy}, Brian and {Sembroski}, Glenn H. and {Seppala}, Lynn G. and {Serio}, Andrew and {Serrano}, Eduardo and {Shaw}, Richard A. and {Shipsey}, Ian and {Sick}, Jonathan and {Silvestri}, Nicole and {Slater}, Colin T. and {Smith}, J. Allyn and {Smith}, R. Chris and {Sobhani}, Shahram and {Soldahl}, Christine and {Storrie-Lombardi}, Lisa and {Stover}, Edward and {Strauss}, Michael A. and {Street}, Rachel A. and {Stubbs}, Christopher W. and {Sullivan}, Ian S. and {Sweeney}, Donald and {Swinbank}, John D. and {Szalay}, Alexander and {Takacs}, Peter and {Tether}, Stephen A. and {Thaler}, Jon J. and {Thayer}, John Gregg and {Thomas}, Sandrine and {Thornton}, Adam J. and {Thukral}, Vaikunth and {Tice}, Jeffrey and {Trilling}, David E. and {Turri}, Max and {Van Berg}, Richard and {Vanden Berk}, Daniel and {Vetter}, Kurt and {Virieux}, Francoise and {Vucina}, Tomislav and {Wahl}, William and {Walkowicz}, Lucianne and {Walsh}, Brian and {Walter}, Christopher W. and {Wang}, Daniel L. and {Wang}, Shin-Yawn and {Warner}, Michael and {Wiecha}, Oliver and {Willman}, Beth and {Winters}, Scott E. and {Wittman}, David and {Wolff}, Sidney C. and {Wood-Vasey}, W. Michael and {Wu}, Xiuqin and {Xin}, Bo and {Yoachim}, Peter and {Zhan}, Hu},
        title = "{LSST: From Science Drivers to Reference Design and Anticipated Data Products}",
      journal = {\apj},
     keywords = {astrometry, cosmology: observations, Galaxy: general, methods: observational, stars: general, surveys, Astrophysics},
         year = 2019,
        month = mar,
       volume = {873},
       number = {2},
          eid = {111},
        pages = {111},
          doi = {10.3847/1538-4357/ab042c},
archivePrefix = {arXiv},
       eprint = {0805.2366},
 primaryClass = {astro-ph},
       adsurl = {https://ui.adsabs.harvard.edu/abs/2019ApJ...873..111I},
      adsnote = {Provided by the SAO/NASA Astrophysics Data System}
}




@ARTICLE{2013AJ....146..101P,
       author = {{Palaversa}, Lovro and {Ivezi{\'c}}, {\v{Z}}eljko and {Eyer}, Laurent and {Ru{\v{z}}djak}, Domagoj and {Sudar}, Davor and {Galin}, Mario and {Kroflin}, Andrea and {Mesari{\'c}}, Martina and {Munk}, Petra and {Vrbanec}, Dijana and {Bo{\v{z}}i{\'c}}, Hrvoje and {Loebman}, Sarah and {Sesar}, Branimir and {Rimoldini}, Lorenzo and {Hunt-Walker}, Nicholas and {VanderPlas}, Jacob and {Westman}, David and {Stuart}, J. Scott and {Becker}, Andrew C. and {Srdo{\v{c}}}, Gregor and {Wozniak}, Przemyslaw and {Oluseyi}, Hakeem},
        title = "{Exploring the Variable Sky with LINEAR. III. Classification of Periodic Light Curves}",
      journal = {\aj},
     keywords = {binaries: eclipsing, blue stragglers, catalogs, Galaxy: halo, stars: statistics, stars: variables: general, Astrophysics - Astrophysics of Galaxies, Astrophysics - Solar and Stellar Astrophysics},
         year = 2013,
        month = oct,
       volume = {146},
       number = {4},
          eid = {101},
        pages = {101},
          doi = {10.1088/0004-6256/146/4/101},
archivePrefix = {arXiv},
       eprint = {1308.0357},
 primaryClass = {astro-ph.GA},
       adsurl = {https://ui.adsabs.harvard.edu/abs/2013AJ....146..101P},
      adsnote = {Provided by the SAO/NASA Astrophysics Data System}
}




@ARTICLE{2013AJ....146...21S,
       author = {{Sesar}, Branimir and {Ivezi{\'c}}, {\v{Z}}eljko and {Stuart}, J. Scott and {Morgan}, Dylan M. and {Becker}, Andrew C. and {Sharma}, Sanjib and {Palaversa}, Lovro and {Juri{\'c}}, Mario and {Wozniak}, Przemyslaw and {Oluseyi}, Hakeem},
        title = "{Exploring the Variable Sky with LINEAR. II. Halo Structure and Substructure Traced by RR Lyrae Stars to 30 kpc}",
      journal = {\aj},
     keywords = {Galaxy: halo, Galaxy: stellar content, Galaxy: structure, stars: variables: RR Lyrae, Astrophysics - Astrophysics of Galaxies, Astrophysics - Solar and Stellar Astrophysics},
         year = 2013,
        month = aug,
       volume = {146},
       number = {2},
          eid = {21},
        pages = {21},
          doi = {10.1088/0004-6256/146/2/21},
archivePrefix = {arXiv},
       eprint = {1305.2160},
 primaryClass = {astro-ph.GA},
       adsurl = {https://ui.adsabs.harvard.edu/abs/2013AJ....146...21S},
      adsnote = {Provided by the SAO/NASA Astrophysics Data System}
}


@ARTICLE{2011AJ....142..190S,
       author = {{Sesar}, Branimir and {Stuart}, J. Scott and {Ivezi{\'c}}, {\v{Z}}eljko and {Morgan}, Dylan P. and {Becker}, Andrew C. and {Wo{\'z}niak}, Przemys{\l}aw},
        title = "{Exploring the Variable Sky with LINEAR. I. Photometric Recalibration with the Sloan Digital Sky Survey}",
      journal = {\aj},
     keywords = {binaries: eclipsing, catalogs, stars: variables: general, stars: variables: RR Lyrae, surveys, Astrophysics - Astrophysics of Galaxies, Astrophysics - Solar and Stellar Astrophysics},
         year = 2011,
        month = dec,
       volume = {142},
       number = {6},
          eid = {190},
        pages = {190},
          doi = {10.1088/0004-6256/142/6/190},
archivePrefix = {arXiv},
       eprint = {1109.5227},
 primaryClass = {astro-ph.GA},
       adsurl = {https://ui.adsabs.harvard.edu/abs/2011AJ....142..190S},
      adsnote = {Provided by the SAO/NASA Astrophysics Data System}
}


@ARTICLE{2019PASP..131a8002B,
       author = {{Bellm}, Eric C. and {Kulkarni}, Shrinivas R. and {Graham}, Matthew J. and {Dekany}, Richard and {Smith}, Roger M. and {Riddle}, Reed and {Masci}, Frank J. and {Helou}, George and {Prince}, Thomas A. and {Adams}, Scott M. and {Barbarino}, C. and {Barlow}, Tom and {Bauer}, James and {Beck}, Ron and {Belicki}, Justin and {Biswas}, Rahul and {Blagorodnova}, Nadejda and {Bodewits}, Dennis and {Bolin}, Bryce and {Brinnel}, Valery and {Brooke}, Tim and {Bue}, Brian and {Bulla}, Mattia and {Burruss}, Rick and {Cenko}, S. Bradley and {Chang}, Chan-Kao and {Connolly}, Andrew and {Coughlin}, Michael and {Cromer}, John and {Cunningham}, Virginia and {De}, Kishalay and {Delacroix}, Alex and {Desai}, Vandana and {Duev}, Dmitry A. and {Eadie}, Gwendolyn and {Farnham}, Tony L. and {Feeney}, Michael and {Feindt}, Ulrich and {Flynn}, David and {Franckowiak}, Anna and {Frederick}, S. and {Fremling}, C. and {Gal-Yam}, Avishay and {Gezari}, Suvi and {Giomi}, Matteo and {Goldstein}, Daniel A. and {Golkhou}, V. Zach and {Goobar}, Ariel and {Groom}, Steven and {Hacopians}, Eugean and {Hale}, David and {Henning}, John and {Ho}, Anna Y.~Q. and {Hover}, David and {Howell}, Justin and {Hung}, Tiara and {Huppenkothen}, Daniela and {Imel}, David and {Ip}, Wing-Huen and {Ivezi{\'c}}, {\v{Z}}eljko and {Jackson}, Edward and {Jones}, Lynne and {Juric}, Mario and {Kasliwal}, Mansi M. and {Kaspi}, S. and {Kaye}, Stephen and {Kelley}, Michael S.~P. and {Kowalski}, Marek and {Kramer}, Emily and {Kupfer}, Thomas and {Landry}, Walter and {Laher}, Russ R. and {Lee}, Chien-De and {Lin}, Hsing Wen and {Lin}, Zhong-Yi and {Lunnan}, Ragnhild and {Giomi}, Matteo and {Mahabal}, Ashish and {Mao}, Peter and {Miller}, Adam A. and {Monkewitz}, Serge and {Murphy}, Patrick and {Ngeow}, Chow-Choong and {Nordin}, Jakob and {Nugent}, Peter and {Ofek}, Eran and {Patterson}, Maria T. and {Penprase}, Bryan and {Porter}, Michael and {Rauch}, Ludwig and {Rebbapragada}, Umaa and {Reiley}, Dan and {Rigault}, Mickael and {Rodriguez}, Hector and {van Roestel}, Jan and {Rusholme}, Ben and {van Santen}, Jakob and {Schulze}, S. and {Shupe}, David L. and {Singer}, Leo P. and {Soumagnac}, Maayane T. and {Stein}, Robert and {Surace}, Jason and {Sollerman}, Jesper and {Szkody}, Paula and {Taddia}, F. and {Terek}, Scott and {Van Sistine}, Angela and {van Velzen}, Sjoert and {Vestrand}, W. Thomas and {Walters}, Richard and {Ward}, Charlotte and {Ye}, Quan-Zhi and {Yu}, Po-Chieh and {Yan}, Lin and {Zolkower}, Jeffry},
        title = "{The Zwicky Transient Facility: System Overview, Performance, and First Results}",
      journal = {\pasp},
     keywords = {Astrophysics - Instrumentation and Methods for Astrophysics},
         year = 2019,
        month = jan,
       volume = {131},
       number = {995},
        pages = {018002},
          doi = {10.1088/1538-3873/aaecbe},
archivePrefix = {arXiv},
       eprint = {1902.01932},
 primaryClass = {astro-ph.IM},
       adsurl = {https://ui.adsabs.harvard.edu/abs/2019PASP..131a8002B},
      adsnote = {Provided by the SAO/NASA Astrophysics Data System}
}


@ARTICLE{2010MNRAS.409.1585B,
       author = {{Benk{\H{o}}}, J.~M. and {Kolenberg}, K. and {Szab{\'o}}, R. and {Kurtz}, D.~W. and {Bryson}, S. and {Bregman}, J. and {Still}, M. and {Smolec}, R. and {Nuspl}, J. and {Nemec}, J.~M. and {Moskalik}, P. and {Kopacki}, G. and {Koll{\'a}th}, Z. and {Guggenberger}, E. and {di Criscienzo}, M. and {Christensen-Dalsgaard}, J. and {Kjeldsen}, H. and {Borucki}, W.~J. and {Koch}, D. and {Jenkins}, J.~M. and {van Cleve}, J.~E.},
        title = "{Flavours of variability: 29 RR Lyrae stars observed with Kepler}",
      journal = {\mnras},
     keywords = {stars: oscillations, stars: variables: RR Lyrae, Astrophysics - Solar and Stellar Astrophysics},
         year = 2010,
        month = dec,
       volume = {409},
       number = {4},
        pages = {1585-1593},
          doi = {10.1111/j.1365-2966.2010.17401.x},
archivePrefix = {arXiv},
       eprint = {1007.3928},
 primaryClass = {astro-ph.SR},
       adsurl = {https://ui.adsabs.harvard.edu/abs/2010MNRAS.409.1585B},
      adsnote = {Provided by the SAO/NASA Astrophysics Data System}
}

@ARTICLE{2020MNRAS.494.1237S,
       author = {{Skarka}, M. and {Prudil}, Z. and {Jurcsik}, J.},
        title = "{Blazhko effect in the Galactic bulge fundamental mode RR Lyrae stars - II. Modulation shapes, amplitudes, and periods}",
      journal = {\mnras},
     keywords = {methods: data analysis, methods: statistical, techniques: photometric, stars: horizontal branch, stars: variables: RR Lyrae, Astrophysics - Solar and Stellar Astrophysics},
         year = 2020,
        month = may,
       volume = {494},
       number = {1},
        pages = {1237-1249},
          doi = {10.1093/mnras/staa673},
archivePrefix = {arXiv},
       eprint = {2001.00754},
 primaryClass = {astro-ph.SR},
       adsurl = {https://ui.adsabs.harvard.edu/abs/2020MNRAS.494.1237S},
      adsnote = {Provided by the SAO/NASA Astrophysics Data System}
}

@ARTICLE{2018A&A...614L...4K,
       author = {{Kovacs}, Geza},
        title = "{Are all RR Lyrae stars modulated?}",
      journal = {\aap},
     keywords = {methods: data analysis, stars: variables: RR Lyrae, Astrophysics - Solar and Stellar Astrophysics},
         year = 2018,
        month = jun,
       volume = {614},
          eid = {L4},
        pages = {L4},
          doi = {10.1051/0004-6361/201833181},
archivePrefix = {arXiv},
       eprint = {1804.07932},
 primaryClass = {astro-ph.SR},
       adsurl = {https://ui.adsabs.harvard.edu/abs/2018A&A...614L...4K},
      adsnote = {Provided by the SAO/NASA Astrophysics Data System}
}

